3400 5276
224 787 303 858 817.
316 828 358 836 -
371 789 420 874 (S.
435 789 655 858 Barnardus.
669 790 725 873 -)
749 788 986 853 Meditationes.
1002 786 1178 872 Lugduni,
1195 797 1288 853 1609.
1307 790 1373 854 12⁰.
1387 827 1421 838 -

163 889 268 958 (Hist.
286 891 341 947 litt.
360 892 397 948 de
414 891 444 947 la
456 893 568 948 Franco
586 890 670 946 XIII.
689 891 760 960 224).
771 923 795 931 -

225 1021 352 1092 818.—
367 1027 414 1106 (S.
426 1027 647 1094 Bernartius.
663 1023 776 1105 Opera.
786 1024 841 1109 —)
858 1023 938 1088 Divi
953 1023 1118 1087 Bcrnurdi
1134 1021 1432 1090 Oleraeuallenais·

161 1108 310 1176 abbatie
325 1113 438 1200 primi,
454 1110 705 1198 religiosissimi
722 1109 888 1176 ecclesiae
907 1109 1070 1194 doctoris,
1095 1109 1370 1196 suavissimique,
1386 1120 1421 1177 et

161 1199 265 1282 qvod
291 1221 353 1296 pro
375 1200 501 1265 eximia
525 1198 617 1263 illivs
639 1197 770 1284 pietate
792 1219 862 1263 non
887 1195 1012 1261 iniuria
1035 1195 1173 1280 dixeris,
1196 1197 1299 1283 plane
1322 1197 1422 1264 theo·

163 1283 316 1368 diducti,
335 1287 439 1369 Opera
455 1290 562 1352 omma
578 1302 639 1348 tam
652 1312 727 1365 qvae
740 1311 809 1349 vere
820 1311 959 1365 germana
971 1293 1050 1348 illivs
1064 1310 1130 1348 esse
1142 1311 1229 1349 nemo
1242 1295 1355 1350 inficias
1366 1303 1422 1365 eat,

164 1388 262 1440 qvam
282 1389 356 1442 qvae
376 1375 475 1444 spuria
493 1380 523 1428 et
541 1377 730 1446 supposititia
748 1381 926 1446 (quanquam
939 1392 997 1428 non
1013 1374 1164 1430 dissimilis
1175 1376 1306 1446 pietatis)
1317 1376 1422 1447 pleris-

163 1475 231 1528 qve
241 1459 332 1513 videri
346 1467 482 1531 possunt,
495 1459 718 1532 diligentIssime
731 1479 809 1516 nunc
819 1465 943 1533 primum
953 1463 1113 1532 recognita,
1125 1467 1213 1516 aucta
1222 1461 1422 1517 coemendata

165 1551 203 1598 et
218 1547 248 1600 in
260 1545 391 1600 ordinem
405 1549 620 1603 concinniorem
634 1549 785 1620 disposita.
804 1551 1003 1604 Accesservnt
1020 1547 1055 1602 D.
1069 1547 1211 1602 Bernardi
1229 1547 1342 1620 aliquot
1361 1551 1422 1621 epi·

165 1632 270 1688 stolae
284 1651 300 1687 e
314 1634 489 1690 bibliotheca
507 1636 535 1690 S.
549 1637 675 1690 Victoris
695 1637 870 1690 Parisiensia
888 1653 1036 1706 nunquam
1056 1635 1160 1704 editae,
1179 1639 1210 1690 et
1228 1640 1317 1690 notae
1329 1635 1361 1690 F.
1374 1635 1421 1690 Jo.

166 1719 300 1787 Picardi,
314 1721 445 1776 eiusdem
457 1725 628 1778 monasterii
642 1724 774 1777 canonici
788 1721 939 1794 regularia,
951 1725 981 1776 in
995 1721 1111 1777 casdem
1126 1727 1156 1776 et
1168 1721 1297 1793 reliquas
1309 1721 1337 1778 8.
1351 1722 1421 1777 Ber·

166 1807 258 1861 nardi
268 1810 418 1879 epistolas
429 1809 502 1864 Cum
513 1809 608 1864 indice
618 1809 733 1881 duplici,
740 1810 832 1864 altero
843 1809 973 1864 locorum
983 1827 1083 1864 sacrae
1094 1811 1254 1879 scripturae
1265 1811 1374 1879 passim
1384 1809 1421 1863 ab

166 1898 239 1966 ipso
253 1896 287 1948 D.
302 1896 450 1950 Bernardo
464 1897 683 1968 explicatorum,
703 1898 796 1952 altero
816 1915 909 1967 eoque
929 1914 1007 1950 nouo
1028 1902 1058 1950 et
1076 1895 1174 1966 amplo
1192 1913 1291 1950 rerum
1307 1900 1337 1950 et
1356 1913 1420 1950 uer·

167 1983 287 2038 borum.
300 1985 488 2054 Antvcrpiae,
501 1983 579 2054 apud
591 1985 610 2038 J
613 2001 737 2038 oannem
750 1985 971 2054 Keerbergiunr.
984 1986 1070 2038 Auno
1084 1981 1264 2038 M.Dc.1x.
1273 2013 1299 2022 -

227 2069 290 2124 Fol.
307 2071 337 2124 16
354 2089 436 2142 pagg.
450 2089 518 2126 non.
531 2089 650 2142 numm,
668 2073 737 2126 2256
756 2090 865 2126 numm.
884 2077 914 2126 at
936 2072 983 2126 123
1001 2089 1069 2127 non.
1089 2089 1197 2128 numm.
1217 2071 1326 2138 (Editio
1341 2070 1419 2125 Tita-

168 2158 270 2228 querat
285 2175 351 2212 curn
364 2161 443 2213 notis
456 2158 588 2228 Picardi).
599 2191 623 2198 —
634 2159 763 2220 (Ceillier
774 2157 873 2213 XXII.
886 2157 1161 2214 466.-01tmencet
1175 2159 1234 2216 394.
1243 2190 1269 2199 -
1280 2157 1421 2214 Mabillon

171 2245 250 2316 Opp.
263 2246 292 2301 S.
305 2245 391 2300 Bam.
403 2247 427 2300 I.
440 2249 470 2300 in
483 2247 577 2302 Praei.
588 2279 612 2286 -
626 2247 714 2302 Viach
727 2247 787 2302 222.
797 2279 822 2286 -
835 2246 900 2300 Not.
913 2263 950 2300 ex
962 2245 1093 2300 biblioth.
1107 2251 1232 2302 monast.
1243 2243 1339 2315 lton).
1349 2277 1375 2286 -

229 2378 304 2445 819.
315 2418 354 2426 -
369 2381 416 2462 (S.
431 2382 652 2449 Bernartius.
669 2382 781 2460 (lpcru.
792 2384 847 2461 —)
865 2379 975 2444 Suricti
989 2379 1154 2443 Bernurdi
1170 2377 1422 2442 Claraevallen-

172 2463 223 2528 sis
233 2464 381 2530 Abbatis
392 2466 503 2552 primi,
516 2465 765 2552 religiosissimi
777 2465 955 2530 Ecclesiae
964 2463 1137 2546 Doctoris,
1147 2461 1420 2548 suavissimique,

173 2563 212 2617 et
225 2553 317 2638 quod
335 2576 397 2640 pro
414 2554 539 2618 eximia
554 2553 647 2618 illius
662 2553 793 2638 pietate
809 2575 878 2616 uon
896 2551 1021 2616 iniuria
1037 2550 1175 2636 dixeris,
1191 2551 1293 2636 plane
1310 2549 1422 2614 Theo·

175 2639 318 2722 diclacti,
335 2641 438 2722 (hiera
450 2644 557 2706 anania
569 2651 634 2718 (eto.
647 2655 680 2700 ut
691 2649 721 2700 in
735 2647 865 2717 praeced.
879 2646 913 2700 N.
922 2649 956 2702 81
965 2651 1002 2713 8).
1016 2647 1136 2700 Parisiis
1149 2644 1423 2713 M.DOIX.Magna

173 2727 276 2782 Nauia.
289 2757 312 2766 -
325 2727 388 2780 l'ol.
402 2727 468 2798 maj.
481 2731 498 2781 8
511 2727 540 2780 ff.
550 2745 577 2781 n.
593 2743 700 2784 numm.
713 2726 782 2778 2260
795 2724 860 2780 coll.
874 2743 981 2778 nurum.
995 2725 1028 2777 8¹)
1042 2725 1070 2779 ll'.
1084 2722 1148 2778 lud.
1158 2754 1183 2762 -

230 2814 370 2884 (Graesse
381 2813 405 2869 1.
418 2813 477 2868 343.
489 2845 515 2854 -
533 2814 610 2868 Hist.
624 2813 693 2867 Litt.
707 2811 743 2866 de
756 2812 785 2866 la
798 2813 910 2866 I‘ranoe
921 2811 1005 2866 XllI.
1019 2811 1078 2866 219.
1091 2843 1116 2850 —
1126 2809 1267 2865 Mabillon
1281 2811 1311 2864 in
1324 2809 1419 2863 Prael'.

177 2901 251 2972 Opp.
266 2900 293 2956 S.
307 2901 393 2956 Bern.
408 2901 465 2956 1.-
480 2901 615 2956 Olearius
626 2900 650 2955 Ι.
664 2900 732 2968 129).
743 2931 766 2938 -

231 3025 308 3094 820.
319 3065 359 3072 -
372 3027 515 3108 Dotion,
530 3025 694 3090 dotantes
704 3024 746 3107 ¹).·
765 3023 926 3087 Altvuetcr
941 3021 1042 3098 Bacch,
1061 3020 1117 3085 ein
1133 3019 1329 3085 auserlesen
1344 3018 1420 3103 gul-

177 3113 255 3196 den,
272 3111 465 3178 catholiech
480 3111 549 3176 und
567 3109 776 3194 andaechtig
788 3108 984 3190 Bethbuch,
1002 3131 1063 3172 aus
1079 3108 1146 3172 den
1159 3105 1344 3171 Schriliben
1361 3105 1422 3168 der

178 3198 330 3284 heiligen
346 3199 535 3280 Altvaeter,
553 3199 619 3262 als:
637 3197 774 3283 Ignatii,
791 3195 935 3278 irenaei,
953 3194 1128 3344 Oppriani,
1143 3192 1337 3276 Athanasii,
1353 3191 1420 3255 Ba-

177 3285 258 3369 silii,
283 3285 415 3371 Oyrilli,
440 3283 610 3369 Gregorii,
634 3284 761 3366 Bedae,
789 3283 962 3359 Bernurdi,
1027 3281 1206 3366 ieronymi,
1233 3277 1421 3364 Augustini

178 3374 248 3438 und
266 3373 420 3454 anderer,
436 3372 499 3436 mit
515 3370 756 3436 sonderlichen
769 3369 880 3433 Fleias
894 3370 962 3432 und
975 3367 1100 3434 Arbeit
1110 3373 1421 3452 zusammengetra-

177 3483 256 3546 gen,
281 3459 384 3524 nebat
406 3460 504 3525 darer
520 3459 550 3522 V
552 3458 820 3541 ermahnnngen,
843 3456 913 3520 und
936 3455 1129 3520 harrlichen
1145 3451 1421 3538 Lehrspriichen,

178 3547 268 3612 auch
285 3569 339 3611 wo
362 3547 430 3611 und
457 3569 525 3610 was
542 3545 663 3609 Zeiten
681 3544 731 3608 sie
746 3543 873 3628 gelebt,
890 3565 933 3607 zu
946 3543 1188 3626 Beforderung
1204 3539 1423 3604 christlicher

177 3633 352 3711 Audacht,
376 3634 446 3698 und
470 3631 686 3716 Anzeigung,
711 3630 775 3694 wie
800 3629 869 3693 und
894 3651 963 3694 was
986 3651 1108 3694 unsere
1132 3627 1222 3696 liebe
1239 3625 1422 3692 Vorblteru

178 3720 337 3805 gebettet
352 3718 475 3784 haben.
499 3719 665 3802 Miineter,
680 3716 736 3782 bei
752 3715 917 3780 Lambert
933 3715 1138 3780 Raessfeldt.
1159 3724 1251 3778 1609.
1267 3715 1314 3778 8⁰.
1324 3749 1357 3758 -

233 3825 370 3893 (Niesert,
383 3823 555 3894 Beitraege).
566 3855 590 3862 -

231 3911 266 3966 N.
282 3911 573 3980 l:MonasteriensiS,
593 3912 701 3964 veleris
721 3910 861 3964 ecelesiae
880 3908 917 3963 ad
935 3908 970 3964 D.
990 3907 1115 3962 Paulum
1133 3907 1291 3961 canonicus
1311 3909 1341 3958 et
1358 3903 1422 3958 the·

181 4015 339 4052 sumanus.
350 4028 376 4038 ¹·

233 4119 309 4188 821.
320 4159 362 4169 -
370 4123 541 4205 Dikastt,
556 4121 645 4185 diat
654 4143 665 4184 :
680 4120 839 4204 Meotitty
851 4118 940 4184 anab
952 4116 1132 4203 rozjimdni
1144 4116 1303 4204 pobobnd
1315 4137 1333 4180 a
1344 4116 1423 4180 kanb

181 4228 225 4272 aa.
241 4207 414 4274 Bernurda
430 4206 583 4294 ajiny'ch
599 4207 745 4272 aebranei
760 4207 882 4293 (pleb).
898 4205 929 4270 V
945 4205 1051 4270 Praue
1070 4215 1160 4272 1609.
1180 4206 1290 4268 12⁰.-
1402 4287 1405 4293 .

232 4311 359 4375 (Jirebek
370 4310 393 4364 I.
407 4329 432 4365 a.
450 4312 505 4364 161.
516 4343 540 4349 -
553 4311 618 4364 Not.
632 4327 667 4364 ex
680 4309 811 4364 biblioth.
824 4314 950 4362 monast.
963 4307 1119 4374 atteroda.
1130 4337 1156 4347 -

232 4397 267 4451 N.
288 4401 315 4454 l:
338 4397 451 4468 Hylam
470 4397 600 4451 Dicuntur
618 4397 645 4466 (z
664 4397 816 4462 Milkova),
836 4395 990 4466 presbyter
1007 4393 1165 4462 Bohemus,
1191 4397 1249 4446 nat.
1269 4410 1293 4446 c.
1310 4409 1335 4446 a
1357 4391 1423 4446 1560

182 4483 202 4556 †
217 4486 289 4539 1630.
299 4517 325 4525 -

234 4608 309 4678 822.
319 4648 360 4656 -
370 4610 538 4692 Facenat,
550 4606 710 4691 Natalia)
720 4629 730 4670 .·
745 4606 958 4688 Epigramma
968 4606 1013 4669 ad
1025 4603 1059 4669 S.
1068 4604 1283 4669 Boterdum.
1300 4610 1422 4668 1609.-

235 4711 386 4780 (Ronssel,
399 4709 530 4782 Langrcs
544 4710 594 4766 lv.
609 4709 678 4777 169).
688 4741 715 4750 -·
