3352 5280
734 436 881 536 ΕΙ-.

288 639 339 692 35.
364 627 535 696 Instruetio
554 631 736 708 sacerdotis,
761 653 839 696 seu:
865 633 1034 698 Tractatus
1057 631 1094 695 ele
1111 631 1299 712 praecipuis
1318 635 1432 714 myste-

177 716 246 781 riis
268 719 408 781 nostrae
432 713 494 780 reli
523 715 621 798 nnis,
646 717 688 782 al.
718 717 849 784 Ouuma
875 717 1036 802 Orucifirl.
1053 755 1087 766 -

366 801 454 868 luter
510 803 672 888 abplouem
695 809 723 870 et
745 805 925 871 Jerusalem
949 811 1025 886 etc,
1048 803 1118 869 vid.
1145 813 1195 868 50.
1209 840 1244 852 —

364 888 419 952 De
441 887 591 954 [nteriori
613 891 744 968 baulme,
769 891 839 956 vid.
863 903 915 958 47.
928 929 961 940 -

289 985 340 1039 36.
361 974 563 1042 Lamentatio
581 979 617 1042 iu
633 981 817 1060 passionem
833 977 966 1044 Domiai
986 977 1029 1042 al.
1049 976 1279 1058 Contemplatio
1299 978 1336 1043 de
1354 999 1432 1059 pas-

177 1064 270 1129 sione
291 1061 433 1126 Domini
457 1063 568 1128 nostri
590 1064 614 1130 J
617 1086 678 1130 esu
702 1063 829 1130 Christi
854 1064 1044 1130 secundum
1067 1063 1135 1127 VH
1165 1062 1268 1128 horas
1293 1063 1432 1130 canoni-

182 1171 245 1214 cas
269 1170 349 1214 cum
373 1149 476 1214 certis
500 1150 715 1216 orationibus
739 1174 843 1238 super
866 1158 999 1238 septem
1023 1149 1150 1234 verbis,
1181 1172 1269 1235 quae
1297 1150 1433 1216 dixerat

179 1235 220 1300 iu
245 1257 347 1300 cruce
395 1235 581 1301 cudens.-

290 1331 341 1386 37.
403 1323 463 1388 'ber
485 1325 523 1388 de
545 1325 661 1390 Amore
684 1324 757 1390 Dei.
774 1362 808 1372 —

290 1417 342 1474 38.
367 1409 464 1474 Liber
486 1411 683 1488 Arauratum
708 1434 769 1476 seu
794 1411 960 1494 Speculum
983 1411 1097 1478 cordis.
1112 1449 1139 1458 -

290 1504 341 1559 39.
365 1495 463 1562 Liber
483 1500 557 1582 (seu
579 1497 699 1564 Sermo
718 1499 775 1563 vel
796 1499 993 1582 Tractatus)
1017 1499 1056 1562 ele
1074 1497 1226 1574 Caritate,
1251 1496 1294 1562 ul.
1315 1499 1353 1563 cle
1368 1495 1430 1562 Di·

180 1581 311 1664 lipemlo
334 1581 436 1648 Deum
460 1585 736 1670 (consarcinatus
760 1607 802 1650 ex
824 1584 1002 1650 Richardo
1027 1585 1069 1649 de
1093 1583 1128 1648 S.
1151 1584 1304 1666 Victore,
1327 1584 1432 1650 Petro

179 1668 344 1734 Blesensi
366 1679 401 1734 et
423 1671 527 1736 variis
551 1672 586 1736 S.
611 1671 779 1738 Bernurdi
802 1671 915 1757 locis).
934 1709 960 1719 -

291 1767 342 1821 40.
366 1755 464 1822 Liber
485 1758 699 1824 Doctrinalis
723 1759 774 1846 (in
797 1758 922 1843 Mes).
939 1795 974 1808 -

289 1852 341 1907 41.
365 1843 463 1910 luber
486 1847 521 1910 iu
543 1847 770 1922 Heruemerou,
799 1869 861 1911 seu
884 1845 927 1910 de
955 1845 1109 1928 Operibus
1131 1867 1186 1910 sea
1209 1846 1331 1910 dierum
1353 1845 1432 1931 (Ar-

179 1927 279 1992 nuldi
302 1929 592 2018 Boncvullensis).
609 1971 644 1981 -

289 2025 340 2080 42.
364 2016 462 2083 [iiber
488 2020 735 2085 Meditatiomum
759 2019 959 2105 (distinctus
987 2041 1006 2084 a
1032 2017 1384 2104 ,Meditutionibus“).
1403 2057 1430 2066 -

290 2111 341 2168 48.
365 2104 463 2170 Liber
483 2107 520 2170 ele
536 2106 634 2171 Modo
656 2107 729 2172 leue
749 2108 874 2171 oiueuli
893 2106 936 2171 ad
957 2124 1111 2171 sororem
1134 2105 1252 2190 (quem
1275 2105 1333 2170 alii
1356 2105 1431 2170 seni

181 2188 332 2273 cuidam,
350 2190 408 2255 alii
425 2191 586 2277 Thomas,
605 2193 882 2279 Frigidi-Monsis
900 2193 950 2279 [Ο.
967 2191 1063 2277 Oist.]
1080 2190 1249 2258 monacho
1263 2193 1430 2276 tribuunt,

181 2275 352 2362 scriptum
369 2278 412 2342 ad
428 2299 580 2344 sororem
597 2303 695 2344 suem
712 2288 943 2366 cognomento
959 2277 1338 2364 Hierosolymitunam).
1354 2316 1389 2329 -

364 2363 462 2430 Imber
485 2365 728 2444 Sententiarum,
753 2366 823 2432 vid.
848 2379 945 2432 60.-

290 2460 342 2516 44.
365 2451 464 2517 Liber
491 2453 620 2530 Usuum,
652 2477 714 2519 sen
744 2453 1162 2518 VitaeMoaustieaeritus
1186 2459 1314 2518 elusus
1346 2453 1431 2550 (non

181 2545 239 2600 eet
251 2535 286 2600 S.
298 2536 478 2622 Bernurdi,
495 2540 556 2604 sed
571 2541 689 2627 potius
703 2541 736 2606 S.
751 2539 930 2628 Stephani,
943 2539 1037 2604 tertii
1055 2538 1190 2605 abbatis
1203 2537 1432 2626 (timoren).-

290 2635 341 2689 45.
365 2625 536 2692 Meditatio
560 2629 595 2692 ia
612 2630 797 2710 passionem
821 2635 856 2691 et
878 2625 1167 2692 resurrectionem
1189 2625 1342 2692 Domini.
1359 2665 1386 2674 -

290 2722 341 2776 46.
362 2711 533 2779 Meditatio
549 2713 800 2800 (devotissima)
817 2717 852 2778 iu
866 2714 981 2796 ,Saluo
994 2713 1149 2797 Repiua“.
1165 2713 1254 2777 Ine:
1270 2710 1327 2778 Ad
1341 2713 1431 2778 salu-

182 2795 325 2860 tandum
344 2797 515 2884 virginem
537 2807 604 2886 (est
623 2801 856 2886 fragmentum
875 2799 1035 2886 „Stimuli
1051 2799 1196 2865 amoris“
1215 2798 1251 2864 in
1267 2799 1430 2886 operibus

184 2881 220 2946 S.
245 2883 536 2970 Beneventurue).
549 2924 584 2936 —

291 2981 342 3035 47.
366 2971 593 3040 Meditatioues
609 2976 781 3056 piissimae
804 2977 841 3039 ele
864 2976 1037 3056 caprilioue
1058 2975 1217 3040 bumauue
1232 2974 1429 3050 conditionis,

184 3055 229 3120 ul.
253 3055 303 3122 De
333 3059 483 3124 interiori
511 3062 634 3126 bomine
662 3062 849 3148 (quomodo
880 3061 994 3125 Deum
1023 3059 1212 3146 inveniet);
1244 3059 1349 3124 etiam
1378 3059 1431 3124 in-

184 3142 351 3230 scriptae:
372 3146 538 3213 Truelatus
562 3149 650 3214 utilis
670 3170 707 3213 ex
723 3149 824 3212 uerbis
846 3149 887 3212 B.
905 3149 1070 3212 Beruareli
1093 3153 1122 3213 et
1144 3149 1281 3218 aliorum
1297 3151 1431 3228 patrum

183 3229 268 3382 gni:
297 3230 484 3317 Ambrosii,
508 3234 707 3319 Augustini,
741 3235 801 3299 sed
835 3243 870 3298 et
901 3237 1064 3317 Senecae,
1096 3233 1212 3298 Boetii
1243 3234 1430 3298 eta-An

220 3318 346 3402 ugonis
371 3319 413 3383 dc
438 3321 472 3385 S.
497 3321 687 3406 Victorc‘t).
707 3359 733 3368 -

368 3407 530 3485 Miserere,
554 3407 623 3473 vid.
648 3419 699 3473 28.
714 3447 747 3458 -

363 3492 417 3557 De
442 3495 588 3562 Moribus
610 3495 848 3572 ueloleseemlum,
874 3495 942 3560 vid.
970 3505 1040 3559 110.
1055 3534 1081 3541 —

290 3588 343 3643 48.
367 3579 418 3644 De
441 3581 606 3646 Numeliuis
630 3585 757 3646 auiruae
781 3589 808 3646 et
831 3584 965 3663 quiaque
987 3582 1165 3665 repiouibus
1189 3579 1239 3666 (in
1261 3577 1386 3662 MSS).

289 3675 340 3730 49.
369 3667 441 3733 Oelo
458 3675 580 3750 puueta
595 3671 798 3752 pupianus
817 3671 1041 3750 assequendae,
1064 3690 1141 3732 sen:
1162 3665 1336 3732 mediante
1356 3665 1430 3751 qui-

185 3751 250 3816 bus
273 3753 312 3838 (1)
336 3755 537 3838 pervenitur
560 3755 602 3820 ad
627 3755 877 3840 perlectionem
901 3755 994 3820 vitae
1018 3754 1219 3842 spiritualis.
1234 3793 1260 3801 -

370 3839 456 3906 Ouus
481 3843 655 3926 Babylonis
679 3843 761 3922 luel:
786 3843 989 3927 Pliilistiim),
1013 3842 1081 3907 vid.
1111 3852 1199 3906 18.-

365 3925 418 3990 De
444 3927 597 4010 Operibus
629 3929 676 3992 VI
696 3931 828 4006 dierum,
852 3931 921 3994 vid.
947 3939 997 3994 41.
1017 3968 1042 3976 —

370 4013 559 4094 Opuseulum
585 4015 619 4078 in
643 4016 764 4080 verba:
788 4016 844 4078 Aa
868 4016 951 4101 quid
976 4015 1113 4098 venisti,
1137 4014 1207 4079 vid.
1232 4025 1283 4079 31.
1298 4054 1332 4064 -

372 4101 481 4166 (matio
505 4102 675 4168 Domiuieu
699 4103 889 4168 secundum
912 4102 1138 4184 Bernurdnm,
1161 4100 1231 4166 vid.
1257 4112 1308 4165 26.
1322 4139 1350 4148 -

371 4187 480 4254 Oratio
497 4191 688 4271 poeniteatis
711 4189 753 4252 sd
779 4190 965 4274 Christum,
989 4189 1058 4254 vid.
1086 4201 1181 4254 11.-

291 4283 343 4338 50.
368 4273 547 4341 Parabolos
571 4277 691 4361 (vulgo
716 4277 751 4340 S.
774 4277 954 4340 Bernardo
980 4275 1206 4361 adscriptaej:

368 4359 394 4424 Ι.
418 4361 469 4427 De
484 4385 596 4445 pupae
619 4364 794 4444 spirituali.

366 4447 401 4511 H
426 4457 461 4512 et
483 4449 545 4513 ΠΙ.
571 4449 658 4514 Iuter
680 4448 877 4533 Babyleuem
900 4455 928 4514 et
948 4451 1128 4516 Jerusalem
1150 4449 1245 4513 nullu
1268 4471 1337 4535 pax
1361 4455 1428 4530 est3

410 4535 465 4600 aL:
483 4535 610 4602 Bellum
627 4540 709 4600 iuter
720 4537 923 4602 Hierusalem
939 4542 966 4600 el
982 4537 1194 4620 Babploaem;
1210 4535 1267 4600 ul:
1284 4533 1334 4599 De
1350 4533 1430 4599 Ocu-

402 4623 496 4706 stura
523 4626 661 4688 ciuitatis
684 4623 833 4706 Babylon
860 4631 895 4687 et
917 4624 941 4688 J
944 4624 1129 4704 ernsalem;
1161 4623 1203 4687 al.
1228 4623 1287 4708 (?):
1313 4621 1429 4702 Pupua

410 4713 493 4776 iuter
521 4733 651 4794 repuum
677 4711 799 4776 Obristi
823 4718 857 4776 et
881 4709 1010 4775 diaboli
1034 4709 1084 4798 (in
1108 4709 1215 4794 Mss.).
1230 4747 1255 4756 -
