<?xml version="1.0" encoding="UTF-8"?>
<!DOCTYPE html PUBLIC "-//W3C//DTD XHTML 1.0 Transitional//EN"
    "http://www.w3.org/TR/xhtml1/DTD/xhtml1-transitional.dtd">
<html xmlns="http://www.w3.org/1999/xhtml" xml:lang="en" lang="en">
 <head>
  <title>
</title>
<meta http-equiv="Content-Type" content="text/html;charset=utf-8" />
  <meta name='ocr-system' content='tesseract 3.04.00' />
  <meta name='ocr-capabilities' content='ocr_page ocr_carea ocr_par ocr_line ocrx_word'/>
</head>
<body>
  <div class='ocr_page' id='page_1' title='image "./bibliographiabe01janagoog_0234.png"; bbox 0 0 3400 5276; ppageno 0'>
   <div class='ocr_carea' id='block_1_1' title="bbox 718 355 871 454">
    <p class='ocr_par' dir='ltr' id='par_1_1' title="bbox 718 355 871 454">
     <span class='ocr_line' id='line_1_1' title="bbox 718 355 871 454; baseline 0 -33"><span class='ocrx_word' id='word_1_1' title='bbox 718 355 871 454; x_wconf 39' lang='lat' dir='ltr'>„ir-7—</span> 
     </span>
    </p>
   </div>
   <div class='ocr_carea' id='block_1_2' title="bbox 170 545 1416 719">
    <p class='ocr_par' dir='ltr' id='par_1_2' title="bbox 170 545 1416 719">
     <span class='ocr_line' id='line_1_2' title="bbox 223 545 1415 633; baseline -0.005 -18"><span class='ocrx_word' id='word_1_2' title='bbox 223 545 1415 633; x_wconf 71' lang='lat' dir='ltr'>753.-(Iiippaloo.·-)VitaeSanctorum,SiveResGeatacMartyrum,</span> 
     </span>
     <span class='ocr_line' id='line_1_3' title="bbox 170 632 1416 719; baseline 0.001 -23"><span class='ocrx_word' id='word_1_3' title='bbox 170 633 553 717; x_wconf 84' lang='lat' dir='ltr'>(lonfessorum,Atquc</span> <span class='ocrx_word' id='word_1_4' title='bbox 566 633 770 698; x_wconf 84' lang='lat' dir='ltr'>Sanctarum</span> <span class='ocrx_word' id='word_1_5' title='bbox 778 633 840 699; x_wconf 88' lang='lat' dir='ltr'>Vir</span> <span class='ocrx_word' id='word_1_6' title='bbox 865 632 960 697; x_wconf 88' lang='lat' dir='ltr'>inum</span> <span class='ocrx_word' id='word_1_7' title='bbox 968 632 1100 697; x_wconf 84' lang='lat' dir='ltr'>Eorum</span> <span class='ocrx_word' id='word_1_8' title='bbox 1135 632 1308 719; x_wconf 88' lang='lat' dir='ltr'>raecipue,</span> <span class='ocrx_word' id='word_1_9' title='bbox 1320 633 1416 712; x_wconf 83' lang='lat' dir='ltr'>Quae</span> 
     </span>
    </p>
   </div>
   <div class='ocr_carea' id='block_1_3' title="bbox 168 656 1417 804">
    <p class='ocr_par' dir='ltr' id='par_1_3' title="bbox 168 656 1417 804">
     <span class='ocr_line' id='line_1_4' title="bbox 168 656 1417 804; baseline 0 -20"><span class='ocrx_word' id='word_1_10' title='bbox 168 720 237 784; x_wconf 89' lang='lat' dir='ltr'>Per</span> <span class='ocrx_word' id='word_1_11' title='bbox 252 721 293 784; x_wconf 87' lang='lat' dir='ltr'>R.</span> <span class='ocrx_word' id='word_1_12' title='bbox 306 720 345 784; x_wconf 91' lang='lat' dir='ltr'>P.</span> <span class='ocrx_word' id='word_1_13' title='bbox 358 719 586 784; x_wconf 74' lang='lat' dir='ltr'>Laurentium</span> <span class='ocrx_word' id='word_1_14' title='bbox 603 720 740 785; x_wconf 86' lang='lat' dir='ltr'>Surium</span> <span class='ocrx_word' id='word_1_15' title='bbox 757 721 825 784; x_wconf 84' lang='lat' dir='ltr'>Sex</span> <span class='ocrx_word' id='word_1_16' title='bbox 837 656 955 784; x_wconf 60' lang='lat' dir='ltr'>Nomia</span> <span class='ocrx_word' id='word_1_17' title='bbox 972 656 1240 804; x_wconf 76' lang='lat' dir='ltr'>comprehensae</span> <span class='ocrx_word' id='word_1_18' title='bbox 1256 725 1353 784; x_wconf 88' lang='lat' dir='ltr'>sunt:</span> <span class='ocrx_word' id='word_1_19' title='bbox 1369 719 1417 784; x_wconf 81' lang='lat' dir='ltr'>Et</span> 
     </span>
    </p>
   </div>
   <div class='ocr_carea' id='block_1_4' title="bbox 168 805 1416 1237">
    <p class='ocr_par' dir='ltr' id='par_1_4' title="bbox 168 805 1416 1237">
     <span class='ocr_line' id='line_1_5' title="bbox 169 805 1416 891; baseline 0 -21"><span class='ocrx_word' id='word_1_20' title='bbox 169 829 264 871; x_wconf 89' lang='lat' dir='ltr'>nunc</span> <span class='ocrx_word' id='word_1_21' title='bbox 280 806 449 871; x_wconf 77' lang='lat' dir='ltr'>restrictis</span> <span class='ocrx_word' id='word_1_22' title='bbox 463 805 650 872; x_wconf 86' lang='lat' dir='ltr'>verborum</span> <span class='ocrx_word' id='word_1_23' title='bbox 668 805 881 891; x_wconf 66' lang='lat' dir='ltr'>ambagibus</span> <span class='ocrx_word' id='word_1_24' title='bbox 905 805 1041 890; x_wconf 85' lang='lat' dir='ltr'>integra</span> <span class='ocrx_word' id='word_1_25' title='bbox 1063 813 1179 870; x_wconf 90' lang='lat' dir='ltr'>tamen</span> <span class='ocrx_word' id='word_1_26' title='bbox 1195 805 1416 871; x_wconf 82' lang='lat' dir='ltr'>historiarum</span> 
     </span>
     <span class='ocr_line' id='line_1_6' title="bbox 168 892 1416 978; baseline 0 -21"><span class='ocrx_word' id='word_1_27' title='bbox 168 892 258 958; x_wconf 90' lang='lat' dir='ltr'>serie</span> <span class='ocrx_word' id='word_1_28' title='bbox 274 892 403 978; x_wconf 91' lang='lat' dir='ltr'>ubique</span> <span class='ocrx_word' id='word_1_29' title='bbox 419 894 491 957; x_wconf 89' lang='lat' dir='ltr'>fere</span> <span class='ocrx_word' id='word_1_30' title='bbox 505 902 652 976; x_wconf 73' lang='lat' dir='ltr'>servata,</span> <span class='ocrx_word' id='word_1_31' title='bbox 666 895 710 959; x_wconf 92' lang='lat' dir='ltr'>ad</span> <span class='ocrx_word' id='word_1_32' title='bbox 723 893 976 958; x_wconf 87' lang='lat' dir='ltr'>exactissimam</span> <span class='ocrx_word' id='word_1_33' title='bbox 989 892 1180 958; x_wconf 80' lang='lat' dir='ltr'>doctissimi</span> <span class='ocrx_word' id='word_1_34' title='bbox 1194 900 1228 958; x_wconf 90' lang='lat' dir='ltr'>et</span> <span class='ocrx_word' id='word_1_35' title='bbox 1239 899 1416 978; x_wconf 87' lang='lat' dir='ltr'>praestan·</span> 
     </span>
     <span class='ocr_line' id='line_1_7' title="bbox 168 978 1415 1065; baseline 0 -21"><span class='ocrx_word' id='word_1_36' title='bbox 168 979 292 1045; x_wconf 86' lang='lat' dir='ltr'>tissimi</span> <span class='ocrx_word' id='word_1_37' title='bbox 310 980 374 1044; x_wconf 92' lang='lat' dir='ltr'>viri</span> <span class='ocrx_word' id='word_1_38' title='bbox 392 980 752 1046; x_wconf 84' lang='lat' dir='ltr'>D.ansarisBaronii</span> <span class='ocrx_word' id='word_1_39' title='bbox 766 979 1035 1064; x_wconf 70' lang='lat' dir='ltr'>chronologiam</span> <span class='ocrx_word' id='word_1_40' title='bbox 1048 978 1214 1064; x_wconf 83' lang='lat' dir='ltr'>digestae,</span> <span class='ocrx_word' id='word_1_41' title='bbox 1232 1001 1271 1044; x_wconf 89' lang='lat' dir='ltr'>ac</span> <span class='ocrx_word' id='word_1_42' title='bbox 1283 979 1321 1044; x_wconf 89' lang='lat' dir='ltr'>in</span> <span class='ocrx_word' id='word_1_43' title='bbox 1333 1001 1415 1065; x_wconf 91' lang='lat' dir='ltr'>qua-</span> 
     </span>
     <span class='ocr_line' id='line_1_8' title="bbox 169 1065 1413 1152; baseline 0 -20"><span class='ocrx_word' id='word_1_44' title='bbox 169 1075 250 1133; x_wconf 90' lang='lat' dir='ltr'>tuor</span> <span class='ocrx_word' id='word_1_45' title='bbox 266 1069 392 1132; x_wconf 81' lang='lat' dir='ltr'>Tomos</span> <span class='ocrx_word' id='word_1_46' title='bbox 409 1066 625 1152; x_wconf 87' lang='lat' dir='ltr'>distributae,</span> <span class='ocrx_word' id='word_1_47' title='bbox 650 1067 785 1149; x_wconf 88' lang='lat' dir='ltr'>Studio,</span> <span class='ocrx_word' id='word_1_48' title='bbox 809 1073 844 1130; x_wconf 88' lang='lat' dir='ltr'>et</span> <span class='ocrx_word' id='word_1_49' title='bbox 859 1065 977 1131; x_wconf 90' lang='lat' dir='ltr'>labore</span> <span class='ocrx_word' id='word_1_50' title='bbox 1000 1066 1041 1131; x_wconf 74' lang='lat' dir='ltr'>F.</span> <span class='ocrx_word' id='word_1_51' title='bbox 1058 1067 1237 1132; x_wconf 80' lang='lat' dir='ltr'>Zachariae</span> <span class='ocrx_word' id='word_1_52' title='bbox 1253 1067 1413 1148; x_wconf 76' lang='lat' dir='ltr'>Lippeao,</span> 
     </span>
     <span class='ocr_line' id='line_1_9' title="bbox 170 1152 1415 1237; baseline -0.003 -17"><span class='ocrx_word' id='word_1_53' title='bbox 170 1153 373 1220; x_wconf 85' lang='lat' dir='ltr'>Oarthuaiae</span> <span class='ocrx_word' id='word_1_54' title='bbox 385 1153 603 1220; x_wconf 85' lang='lat' dir='ltr'>Coloniensis</span> <span class='ocrx_word' id='word_1_55' title='bbox 616 1155 755 1219; x_wconf 83' lang='lat' dir='ltr'>alumni.</span> <span class='ocrx_word' id='word_1_56' title='bbox 768 1153 897 1220; x_wconf 81' lang='lat' dir='ltr'>Tomus</span> <span class='ocrx_word' id='word_1_57' title='bbox 906 1153 1053 1218; x_wconf 73' lang='lat' dir='ltr'>Tertius.</span> <span class='ocrx_word' id='word_1_58' title='bbox 1066 1153 1215 1237; x_wconf 81' lang='lat' dir='ltr'>Brixiae,</span> <span class='ocrx_word' id='word_1_59' title='bbox 1231 1152 1415 1219; x_wconf 84' lang='lat' dir='ltr'>Societatis</span> 
     </span>
    </p>
   </div>
   <div class='ocr_carea' id='block_1_5' title="bbox 168 1240 1416 1400">
    <p class='ocr_par' dir='ltr' id='par_1_5' title="bbox 168 1240 1416 1400">
     <span class='ocr_line' id='line_1_10' title="bbox 168 1240 1416 1327; baseline -0.002 -21"><span class='ocrx_word' id='word_1_60' title='bbox 168 1240 362 1306; x_wconf 79' lang='lat' dir='ltr'>Brixiensis</span> <span class='ocrx_word' id='word_1_61' title='bbox 376 1240 494 1327; x_wconf 55' lang='lat' dir='ltr'>typis</span> <span class='ocrx_word' id='word_1_62' title='bbox 511 1240 639 1306; x_wconf 82' lang='lat' dir='ltr'>MDCI.</span> <span class='ocrx_word' id='word_1_63' title='bbox 656 1243 703 1308; x_wconf 85' lang='lat'>4⁰.</span> <span class='ocrx_word' id='word_1_64' title='bbox 716 1280 749 1289; x_wconf 88' lang='lat'><em>-</em></span> <span class='ocrx_word' id='word_1_65' title='bbox 764 1247 817 1318; x_wconf 79' lang='lat' dir='ltr'>(ra.</span> <span class='ocrx_word' id='word_1_66' title='bbox 831 1267 858 1318; x_wconf 81' lang='lat' dir='ltr'>p.</span> <span class='ocrx_word' id='word_1_67' title='bbox 872 1248 1016 1302; x_wconf 70' lang='lat' dir='ltr'>aar-2312</span> <span class='ocrx_word' id='word_1_68' title='bbox 1035 1248 1136 1304; x_wconf 73' lang='lat' dir='ltr'>aas.</span> <span class='ocrx_word' id='word_1_69' title='bbox 1147 1249 1416 1315; x_wconf 63' lang='lat' dir='ltr'>amaenitate,</span> 
     </span>
     <span class='ocr_line' id='line_1_11' title="bbox 168 1327 1415 1400; baseline 0.002 -18"><span class='ocrx_word' id='word_1_70' title='bbox 168 1327 320 1395; x_wconf 79' lang='lat' dir='ltr'>Doctrina,</span> <span class='ocrx_word' id='word_1_71' title='bbox 337 1334 368 1382; x_wconf 88' lang='lat' dir='ltr'>et</span> <span class='ocrx_word' id='word_1_72' title='bbox 379 1327 528 1381; x_wconf 77' lang='lat' dir='ltr'>miraculis</span> <span class='ocrx_word' id='word_1_73' title='bbox 543 1327 664 1396; x_wconf 83' lang='lat' dir='ltr'>gloriosi</span> <span class='ocrx_word' id='word_1_74' title='bbox 678 1327 722 1381; x_wconf 84' lang='lat' dir='ltr'>Ex</span> <span class='ocrx_word' id='word_1_75' title='bbox 736 1345 859 1398; x_wconf 88' lang='lat' dir='ltr'>eaquae</span> <span class='ocrx_word' id='word_1_76' title='bbox 873 1335 919 1383; x_wconf 89' lang='lat' dir='ltr'>est</span> <span class='ocrx_word' id='word_1_77' title='bbox 932 1347 983 1400; x_wconf 89' lang='lat' dir='ltr'>per</span> <span class='ocrx_word' id='word_1_78' title='bbox 996 1329 1185 1386; x_wconf 86' lang='lat' dir='ltr'>Guilielmum</span> <span class='ocrx_word' id='word_1_79' title='bbox 1199 1330 1344 1384; x_wconf 84' lang='lat' dir='ltr'>Abbatem</span> <span class='ocrx_word' id='word_1_80' title='bbox 1358 1330 1415 1384; x_wconf 91' lang='lat' dir='ltr'>Bc·</span> 
     </span>
    </p>
   </div>
   <div class='ocr_carea' id='block_1_6' title="bbox 167 1413 1276 1573">
    <p class='ocr_par' dir='ltr' id='par_1_6' title="bbox 167 1413 1276 1573">
     <span class='ocr_line' id='line_1_12' title="bbox 167 1413 1276 1488; baseline 0.005 -22"><span class='ocrx_word' id='word_1_81' title='bbox 167 1414 321 1485; x_wconf 72' lang='lat' dir='ltr'>nacuallirr,</span> <span class='ocrx_word' id='word_1_82' title='bbox 335 1421 365 1468; x_wconf 92' lang='lat' dir='ltr'>et</span> <span class='ocrx_word' id='word_1_83' title='bbox 377 1413 570 1468; x_wconf 80' lang='lat' dir='ltr'>(lodcfridum</span> <span class='ocrx_word' id='word_1_84' title='bbox 583 1413 849 1470; x_wconf 87' lang='lat' dir='ltr'>Olaraeuallensem</span> <span class='ocrx_word' id='word_1_85' title='bbox 862 1416 1038 1470; x_wconf 88' lang='lat' dir='ltr'>monaahum</span> <span class='ocrx_word' id='word_1_86' title='bbox 1057 1417 1242 1488; x_wconf 84' lang='lat' dir='ltr'>conscripta).</span> <span class='ocrx_word' id='word_1_87' title='bbox 1251 1447 1276 1456; x_wconf 89' lang='lat'>-</span> 
     </span>
     <span class='ocr_line' id='line_1_13' title="bbox 220 1501 965 1573; baseline 0.004 -18"><span class='ocrx_word' id='word_1_88' title='bbox 220 1501 300 1570; x_wconf 81' lang='lat' dir='ltr'>(Not</span> <span class='ocrx_word' id='word_1_89' title='bbox 313 1519 349 1556; x_wconf 88' lang='lat' dir='ltr'>ex</span> <span class='ocrx_word' id='word_1_90' title='bbox 362 1501 493 1558; x_wconf 90' lang='lat' dir='ltr'>biblioth.</span> <span class='ocrx_word' id='word_1_91' title='bbox 507 1501 564 1557; x_wconf 90' lang='grc' dir='ltr'><strong>ΡΡ.</strong></span> <span class='ocrx_word' id='word_1_92' title='bbox 576 1501 736 1558; x_wconf 85' lang='lat' dir='ltr'>Praedicat.</span> <span class='ocrx_word' id='word_1_93' title='bbox 746 1501 930 1573; x_wconf 76' lang='lat' dir='ltr'>vindobon).</span> <span class='ocrx_word' id='word_1_94' title='bbox 940 1535 965 1543; x_wconf 96' lang='lat'>-</span> 
     </span>
    </p>
   </div>
   <div class='ocr_carea' id='block_1_7' title="bbox 167 1641 1414 2078">
    <p class='ocr_par' dir='ltr' id='par_1_7' title="bbox 168 1641 1414 1902">
     <span class='ocr_line' id='line_1_14' title="bbox 224 1641 1413 1726; baseline 0 -17"><span class='ocrx_word' id='word_1_95' title='bbox 224 1641 490 1726; x_wconf 69' lang='lat' dir='ltr'>tta-Manu,</span> <span class='ocrx_word' id='word_1_96' title='bbox 518 1641 680 1707; x_wconf 79' lang='lat' dir='ltr'>Giovaani</span> <span class='ocrx_word' id='word_1_97' title='bbox 701 1642 828 1708; x_wconf 82' lang='lat' dir='ltr'>Pietro:</span> <span class='ocrx_word' id='word_1_98' title='bbox 850 1643 918 1707; x_wconf 80' lang='lat' dir='ltr'>Vite</span> <span class='ocrx_word' id='word_1_99' title='bbox 933 1644 967 1706; x_wconf 79' lang='lat' dir='ltr'>a·</span> <span class='ocrx_word' id='word_1_100' title='bbox 983 1644 1138 1708; x_wconf 76' lang='lat' dir='ltr'>dieaseite</span> <span class='ocrx_word' id='word_1_101' title='bbox 1155 1642 1354 1709; x_wconf 71' lang='lat' dir='ltr'>confessori</span> <span class='ocrx_word' id='word_1_102' title='bbox 1377 1644 1413 1709; x_wconf 91' lang='lat' dir='ltr'>di</span> 
     </span>
     <span class='ocr_line' id='line_1_15' title="bbox 168 1728 1414 1814; baseline 0.004 -22"><span class='ocrx_word' id='word_1_103' title='bbox 168 1728 294 1793; x_wconf 80' lang='lat' dir='ltr'>Cristo.</span> <span class='ocrx_word' id='word_1_104' title='bbox 318 1729 431 1794; x_wconf 88' lang='lat' dir='ltr'>Roma</span> <span class='ocrx_word' id='word_1_105' title='bbox 445 1751 466 1792; x_wconf 94' lang='lat' dir='ltr'>a</span> <span class='ocrx_word' id='word_1_106' title='bbox 516 1750 610 1793; x_wconf 90' lang='lat' dir='ltr'>rasso</span> <span class='ocrx_word' id='word_1_107' title='bbox 626 1728 730 1814; x_wconf 79' lang='lat' dir='ltr'>Luigi</span> <span class='ocrx_word' id='word_1_108' title='bbox 746 1729 893 1793; x_wconf 86' lang='lat' dir='ltr'>Zanetti.</span> <span class='ocrx_word' id='word_1_109' title='bbox 914 1740 1006 1794; x_wconf 88' lang='grc'><strong>1601.</strong></span> <span class='ocrx_word' id='word_1_110' title='bbox 1022 1731 1068 1794; x_wconf 86' lang='lat'>4⁰.</span> <span class='ocrx_word' id='word_1_111' title='bbox 1080 1768 1114 1777; x_wconf 97' lang='lat'><strong>—</strong></span> <span class='ocrx_word' id='word_1_112' title='bbox 1127 1729 1229 1812; x_wconf 91' lang='lat' dir='ltr'>(lbid.</span> <span class='ocrx_word' id='word_1_113' title='bbox 1246 1729 1273 1794; x_wconf 89' lang='lat'>1.</span> <span class='ocrx_word' id='word_1_114' title='bbox 1289 1730 1364 1797; x_wconf 79' lang='lat' dir='ltr'>Vita</span> <span class='ocrx_word' id='word_1_115' title='bbox 1377 1732 1414 1796; x_wconf 78' lang='lat' dir='ltr'>a·</span> 
     </span>
     <span class='ocr_line' id='line_1_16' title="bbox 169 1815 995 1902; baseline 0.005 -24"><span class='ocrx_word' id='word_1_116' title='bbox 169 1815 202 1880; x_wconf 85' lang='lat' dir='ltr'>S.</span> <span class='ocrx_word' id='word_1_117' title='bbox 220 1816 444 1881; x_wconf 79' lang='lat' dir='ltr'>Malaehia-</span> <span class='ocrx_word' id='word_1_118' title='bbox 535 1867 542 1881; x_wconf 92' lang='lat'>.</span> <span class='ocrx_word' id='word_1_119' title='bbox 567 1815 641 1880; x_wconf 82' lang='lat' dir='ltr'>Vita</span> <span class='ocrx_word' id='word_1_120' title='bbox 657 1817 692 1880; x_wconf 80' lang='lat' dir='ltr'>a·</span> <span class='ocrx_word' id='word_1_121' title='bbox 708 1815 741 1880; x_wconf 81' lang='lat' dir='ltr'>S.</span> <span class='ocrx_word' id='word_1_122' title='bbox 757 1816 995 1902; x_wconf 80' lang='lat' dir='ltr'>Bernardo).-</span> 
     </span>
    </p>

    <p class='ocr_par' dir='ltr' id='par_1_8' title="bbox 167 1918 1413 2078">
     <span class='ocr_line' id='line_1_17' title="bbox 220 1918 1413 1991; baseline 0 -15"><span class='ocrx_word' id='word_1_123' title='bbox 220 1919 371 1988; x_wconf 68' lang='lat' dir='ltr'>(argelata,</span> <span class='ocrx_word' id='word_1_124' title='bbox 384 1919 458 1974; x_wconf 89' lang='lat' dir='ltr'>Bibl.</span> <span class='ocrx_word' id='word_1_125' title='bbox 471 1918 498 1974; x_wconf 87' lang='lat' dir='ltr'>d.</span> <span class='ocrx_word' id='word_1_126' title='bbox 510 1918 672 1989; x_wconf 83' lang='lat' dir='ltr'>Volgarizn.</span> <span class='ocrx_word' id='word_1_127' title='bbox 683 1919 717 1974; x_wconf 88' lang='lat' dir='ltr'>V.</span> <span class='ocrx_word' id='word_1_128' title='bbox 728 1921 786 1975; x_wconf 80' lang='lat'>754.</span> <span class='ocrx_word' id='word_1_129' title='bbox 797 1950 822 1958; x_wconf 95' lang='lat'><em>-</em></span> <span class='ocrx_word' id='word_1_130' title='bbox 830 1920 876 1974; x_wconf 87' lang='lat' dir='ltr'>De</span> <span class='ocrx_word' id='word_1_131' title='bbox 888 1919 1008 1984; x_wconf 80' lang='lat' dir='ltr'>Becher,</span> <span class='ocrx_word' id='word_1_132' title='bbox 1021 1918 1127 1991; x_wconf 60' lang='lat' dir='ltr'>Ed411.</span> <span class='ocrx_word' id='word_1_133' title='bbox 1141 1919 1235 1974; x_wconf 69' lang='grc'><strong>9511-</strong></span> <span class='ocrx_word' id='word_1_134' title='bbox 1247 1919 1325 1976; x_wconf 89' lang='lat' dir='ltr'>Hist.</span> <span class='ocrx_word' id='word_1_135' title='bbox 1343 1919 1413 1976; x_wconf 87' lang='lat' dir='ltr'>Litt.</span> 
     </span>
     <span class='ocr_line' id='line_1_18' title="bbox 167 2005 1072 2078; baseline 0 -19"><span class='ocrx_word' id='word_1_136' title='bbox 167 2005 203 2060; x_wconf 86' lang='lat' dir='ltr'>de</span> <span class='ocrx_word' id='word_1_137' title='bbox 216 2005 247 2060; x_wconf 90' lang='lat' dir='ltr'>la</span> <span class='ocrx_word' id='word_1_138' title='bbox 258 2005 370 2060; x_wconf 83' lang='lat' dir='ltr'>Franco</span> <span class='ocrx_word' id='word_1_139' title='bbox 383 2005 468 2061; x_wconf 87' lang='lat' dir='ltr'>XIII.</span> <span class='ocrx_word' id='word_1_140' title='bbox 477 2005 537 2060; x_wconf 90' lang='grc'><strong>222.</strong></span> <span class='ocrx_word' id='word_1_141' title='bbox 547 2037 572 2046; x_wconf 93' lang='grc'><strong>-</strong></span> <span class='ocrx_word' id='word_1_142' title='bbox 585 2007 712 2062; x_wconf 85' lang='lat' dir='ltr'>Stawart</span> <span class='ocrx_word' id='word_1_143' title='bbox 724 2005 815 2062; x_wconf 77' lang='lat' dir='ltr'>catal.</span> <span class='ocrx_word' id='word_1_144' title='bbox 829 2006 887 2060; x_wconf 87' lang='grc'><strong>320.</strong></span> <span class='ocrx_word' id='word_1_145' title='bbox 901 2006 936 2061; x_wconf 89' lang='grc' dir='ltr'>Ν.</span> <span class='ocrx_word' id='word_1_146' title='bbox 948 2006 1037 2078; x_wconf 81' lang='grc'><strong>4928).</strong></span> <span class='ocrx_word' id='word_1_147' title='bbox 1047 2037 1072 2045; x_wconf 91' lang='grc'>-</span> 
     </span>
    </p>
   </div>
   <div class='ocr_carea' id='block_1_8' title="bbox 707 2184 873 2252">
    <p class='ocr_par' dir='ltr' id='par_1_9' title="bbox 707 2184 873 2252">
     <span class='ocr_line' id='line_1_19' title="bbox 707 2184 873 2252; baseline 0.006 -1"><span class='ocrx_word' id='word_1_148' title='bbox 707 2184 746 2252; x_wconf 81' lang='grc' dir='ltr'><strong>Α.</strong></span> <span class='ocrx_word' id='word_1_149' title='bbox 768 2185 873 2252; x_wconf 85' lang='grc'><strong>1602;</strong></span> 
     </span>
    </p>
   </div>
   <div class='ocr_carea' id='block_1_9' title="bbox 166 2321 1414 2581">
    <p class='ocr_par' dir='ltr' id='par_1_10' title="bbox 166 2321 1414 2581">
     <span class='ocr_line' id='line_1_20' title="bbox 222 2321 1414 2407; baseline -0.003 -17"><span class='ocrx_word' id='word_1_150' title='bbox 222 2321 296 2390; x_wconf 87' lang='grc'><strong>755.</strong></span> <span class='ocrx_word' id='word_1_151' title='bbox 310 2361 349 2369; x_wconf 91' lang='grc'>-</span> <span class='ocrx_word' id='word_1_152' title='bbox 364 2323 567 2407; x_wconf 52' lang='lat' dir='ltr'>Aithiopes</span> <span class='ocrx_word' id='word_1_153' title='bbox 589 2323 760 2404; x_wconf 63' lang='lat' dir='ltr'>(irajarites</span> <span class='ocrx_word' id='word_1_154' title='bbox 774 2326 796 2403; x_wconf 82' lang='lat'>¹)</span> <span class='ocrx_word' id='word_1_155' title='bbox 806 2343 817 2386; x_wconf 91' lang='lat'><em>:</em></span> <span class='ocrx_word' id='word_1_156' title='bbox 839 2321 963 2388; x_wconf 71' lang='grc' dir='ltr'><em>(Μανία</em></span> <span class='ocrx_word' id='word_1_157' title='bbox 982 2324 1153 2390; x_wconf 80' lang='lat' dir='ltr'>lectissima</span> <span class='ocrx_word' id='word_1_158' title='bbox 1168 2321 1210 2388; x_wconf 89' lang='lat' dir='ltr'>D.</span> <span class='ocrx_word' id='word_1_159' title='bbox 1227 2323 1414 2389; x_wconf 78' lang='lat' dir='ltr'>Beraharda&#39;</span> 
     </span>
     <span class='ocr_line' id='line_1_21' title="bbox 166 2407 1413 2495; baseline 0 -21"><span class='ocrx_word' id='word_1_160' title='bbox 166 2407 277 2474; x_wconf 82' lang='lat' dir='ltr'>Jabiio</span> <span class='ocrx_word' id='word_1_161' title='bbox 297 2409 437 2474; x_wconf 81' lang='lat' dir='ltr'>delibata</span> <span class='ocrx_word' id='word_1_162' title='bbox 455 2409 635 2494; x_wconf 85' lang='lat' dir='ltr'>modisque</span> <span class='ocrx_word' id='word_1_163' title='bbox 655 2409 796 2474; x_wconf 83' lang='lat' dir='ltr'>musicis</span> <span class='ocrx_word' id='word_1_164' title='bbox 815 2409 941 2494; x_wconf 90' lang='lat' dir='ltr'>partim</span> <span class='ocrx_word' id='word_1_165' title='bbox 957 2416 1107 2494; x_wconf 90' lang='lat' dir='ltr'>quatuor</span> <span class='ocrx_word' id='word_1_166' title='bbox 1124 2408 1303 2495; x_wconf 89' lang='lat' dir='ltr'>tribusque</span> <span class='ocrx_word' id='word_1_167' title='bbox 1319 2409 1413 2475; x_wconf 89' lang='lat' dir='ltr'>voci-</span> 
     </span>
     <span class='ocr_line' id='line_1_22' title="bbox 167 2494 1122 2581; baseline 0.002 -23"><span class='ocrx_word' id='word_1_168' title='bbox 167 2494 232 2559; x_wconf 88' lang='lat' dir='ltr'>bus</span> <span class='ocrx_word' id='word_1_169' title='bbox 247 2517 419 2581; x_wconf 85' lang='lat' dir='ltr'>expressa.</span> <span class='ocrx_word' id='word_1_170' title='bbox 435 2495 656 2561; x_wconf 84' lang='lat' dir='ltr'>Francol&#39;urti</span> <span class='ocrx_word' id='word_1_171' title='bbox 670 2504 705 2561; x_wconf 90' lang='lat' dir='ltr'>et</span> <span class='ocrx_word' id='word_1_172' title='bbox 720 2498 901 2580; x_wconf 86' lang='lat' dir='ltr'>Augustae</span> <span class='ocrx_word' id='word_1_173' title='bbox 920 2507 1012 2563; x_wconf 81' lang='lat' dir='ltr'>looa.</span> <span class='ocrx_word' id='word_1_174' title='bbox 1030 2498 1075 2561; x_wconf 84' lang='lat'>4⁰.</span> <span class='ocrx_word' id='word_1_175' title='bbox 1089 2535 1122 2544; x_wconf 97' lang='lat'><em>-</em></span> 
     </span>
    </p>
   </div>
   <div class='ocr_carea' id='block_1_10' title="bbox 168 2597 1413 2843">
    <p class='ocr_par' dir='ltr' id='par_1_11' title="bbox 168 2597 1413 2843">
     <span class='ocr_line' id='line_1_23' title="bbox 220 2597 1058 2671; baseline 0 -19"><span class='ocrx_word' id='word_1_176' title='bbox 220 2597 399 2666; x_wconf 78' lang='lat' dir='ltr'>(chdreich</span> <span class='ocrx_word' id='word_1_177' title='bbox 412 2599 435 2652; x_wconf 95' lang='lat' dir='ltr'>I.</span> <span class='ocrx_word' id='word_1_178' title='bbox 449 2599 490 2654; x_wconf 86' lang='grc'>72,</span> <span class='ocrx_word' id='word_1_179' title='bbox 500 2599 650 2670; x_wconf 79' lang='lat' dir='ltr'>-Jccher,</span> <span class='ocrx_word' id='word_1_180' title='bbox 667 2599 742 2670; x_wconf 83' lang='lat' dir='ltr'>Allg.</span> <span class='ocrx_word' id='word_1_181' title='bbox 756 2598 819 2656; x_wconf 80' lang='lat' dir='ltr'>Gal.</span> <span class='ocrx_word' id='word_1_182' title='bbox 832 2600 903 2654; x_wconf 90' lang='lat' dir='ltr'>Lex.</span> <span class='ocrx_word' id='word_1_183' title='bbox 916 2600 939 2654; x_wconf 91' lang='lat'>1.</span> <span class='ocrx_word' id='word_1_184' title='bbox 954 2600 1023 2671; x_wconf 79' lang='lat'>167).</span> <span class='ocrx_word' id='word_1_185' title='bbox 1033 2631 1058 2640; x_wconf 93' lang='lat'><em>-</em></span> 
     </span>
     <span class='ocr_line' id='line_1_24' title="bbox 221 2685 1413 2758; baseline 0.002 -18"><span class='ocrx_word' id='word_1_186' title='bbox 221 2685 254 2740; x_wconf 94' lang='lat' dir='ltr'>N.</span> <span class='ocrx_word' id='word_1_187' title='bbox 272 2689 300 2740; x_wconf 91' lang='lat'>1:</span> <span class='ocrx_word' id='word_1_188' title='bbox 313 2687 468 2758; x_wconf 80' lang='lat' dir='ltr'>presbyter</span> <span class='ocrx_word' id='word_1_189' title='bbox 480 2688 607 2742; x_wconf 83' lang='lat' dir='ltr'>musices</span> <span class='ocrx_word' id='word_1_190' title='bbox 620 2687 825 2758; x_wconf 79' lang='lat' dir='ltr'>peritIasimus‚</span> <span class='ocrx_word' id='word_1_191' title='bbox 838 2686 942 2740; x_wconf 84' lang='lat' dir='ltr'>Jacobi</span> <span class='ocrx_word' id='word_1_192' title='bbox 957 2687 1081 2756; x_wconf 81' lang='lat' dir='ltr'>Fuggeri</span> <span class='ocrx_word' id='word_1_193' title='bbox 1094 2687 1184 2758; x_wconf 86' lang='lat' dir='ltr'>(Sea.)</span> <span class='ocrx_word' id='word_1_194' title='bbox 1200 2686 1237 2741; x_wconf 90' lang='lat' dir='ltr'>de</span> <span class='ocrx_word' id='word_1_195' title='bbox 1249 2687 1413 2756; x_wconf 83' lang='lat' dir='ltr'>Kirchberg</span> 
     </span>
     <span class='ocr_line' id='line_1_25' title="bbox 168 2772 669 2843; baseline 0.002 -16"><span class='ocrx_word' id='word_1_196' title='bbox 168 2779 198 2827; x_wconf 87' lang='lat' dir='ltr'>et</span> <span class='ocrx_word' id='word_1_197' title='bbox 211 2772 426 2828; x_wconf 83' lang='lat' dir='ltr'>weissenhom</span> <span class='ocrx_word' id='word_1_198' title='bbox 439 2772 633 2843; x_wconf 77' lang='lat' dir='ltr'>organoedua</span> <span class='ocrx_word' id='word_1_199' title='bbox 644 2805 669 2813; x_wconf 98' lang='lat'><strong>—</strong></span> 
     </span>
    </p>
   </div>
   <div class='ocr_carea' id='block_1_11' title="bbox 164 2913 1414 3938">
    <p class='ocr_par' dir='ltr' id='par_1_12' title="bbox 164 2913 1414 3938">
     <span class='ocr_line' id='line_1_26' title="bbox 220 2913 1412 3000; baseline -0.003 -18"><span class='ocrx_word' id='word_1_200' title='bbox 220 2913 347 2982; x_wconf 71' lang='grc'><strong>7511-</strong></span> <span class='ocrx_word' id='word_1_201' title='bbox 359 2914 405 2992; x_wconf 78' lang='lat' dir='ltr'>(S.</span> <span class='ocrx_word' id='word_1_202' title='bbox 418 2916 638 2983; x_wconf 86' lang='lat' dir='ltr'>Bemardus.</span> <span class='ocrx_word' id='word_1_203' title='bbox 657 2915 769 2996; x_wconf 77' lang='lat' dir='ltr'>Opera.</span> <span class='ocrx_word' id='word_1_204' title='bbox 780 2918 835 3000; x_wconf 80' lang='lat'>-)</span> <span class='ocrx_word' id='word_1_205' title='bbox 852 2913 933 2979; x_wconf 89' lang='lat' dir='ltr'>Divi</span> <span class='ocrx_word' id='word_1_206' title='bbox 946 2913 1114 2979; x_wconf 86' lang='lat' dir='ltr'>Bemardi</span> <span class='ocrx_word' id='word_1_207' title='bbox 1127 2913 1412 2979; x_wconf 68' lang='lat' dir='ltr'>claraevallensis</span> 
     </span>
     <span class='ocr_line' id='line_1_27' title="bbox 168 2999 1413 3086; baseline 0.001 -22"><span class='ocrx_word' id='word_1_208' title='bbox 168 2999 302 3066; x_wconf 87' lang='lat' dir='ltr'>abbatis</span> <span class='ocrx_word' id='word_1_209' title='bbox 316 2999 427 3086; x_wconf 90' lang='lat' dir='ltr'>primi,</span> <span class='ocrx_word' id='word_1_210' title='bbox 443 3000 694 3086; x_wconf 85' lang='lat' dir='ltr'>religiosissimi</span> <span class='ocrx_word' id='word_1_211' title='bbox 710 3001 887 3066; x_wconf 84' lang='lat' dir='ltr'>Ecclesiae</span> <span class='ocrx_word' id='word_1_212' title='bbox 900 3001 1073 3084; x_wconf 90' lang='lat' dir='ltr'>Doctoris,</span> <span class='ocrx_word' id='word_1_213' title='bbox 1090 2999 1365 3084; x_wconf 87' lang='lat' dir='ltr'>suauissimiqua,</span> <span class='ocrx_word' id='word_1_214' title='bbox 1379 3009 1413 3065; x_wconf 89' lang='lat' dir='ltr'>et</span> 
     </span>
     <span class='ocr_line' id='line_1_28' title="bbox 168 3086 1412 3174; baseline 0 -24"><span class='ocrx_word' id='word_1_215' title='bbox 168 3087 259 3172; x_wconf 92' lang='lat' dir='ltr'>quod</span> <span class='ocrx_word' id='word_1_216' title='bbox 274 3109 337 3172; x_wconf 92' lang='lat' dir='ltr'>pro</span> <span class='ocrx_word' id='word_1_217' title='bbox 354 3087 480 3152; x_wconf 86' lang='lat' dir='ltr'>eximia</span> <span class='ocrx_word' id='word_1_218' title='bbox 500 3086 593 3152; x_wconf 88' lang='lat' dir='ltr'>illius</span> <span class='ocrx_word' id='word_1_219' title='bbox 609 3088 739 3173; x_wconf 88' lang='lat' dir='ltr'>pietate</span> <span class='ocrx_word' id='word_1_220' title='bbox 758 3110 828 3152; x_wconf 93' lang='lat' dir='ltr'>non</span> <span class='ocrx_word' id='word_1_221' title='bbox 848 3087 973 3152; x_wconf 88' lang='lat' dir='ltr'>iniuria</span> <span class='ocrx_word' id='word_1_222' title='bbox 990 3086 1126 3170; x_wconf 85' lang='lat' dir='ltr'>dixeris,</span> <span class='ocrx_word' id='word_1_223' title='bbox 1146 3086 1248 3174; x_wconf 88' lang='lat' dir='ltr'>plane</span> <span class='ocrx_word' id='word_1_224' title='bbox 1263 3086 1412 3152; x_wconf 81' lang='lat' dir='ltr'>Theodi-</span> 
     </span>
     <span class='ocr_line' id='line_1_29' title="bbox 167 3173 1412 3255; baseline -0.002 -17"><span class='ocrx_word' id='word_1_225' title='bbox 167 3173 270 3255; x_wconf 82' lang='lat' dir='ltr'>daoti,</span> <span class='ocrx_word' id='word_1_226' title='bbox 290 3173 394 3255; x_wconf 79' lang='lat' dir='ltr'>Opera</span> <span class='ocrx_word' id='word_1_227' title='bbox 415 3173 530 3238; x_wconf 77' lang='lat' dir='ltr'>Omnia</span> <span class='ocrx_word' id='word_1_228' title='bbox 546 3181 617 3235; x_wconf 83' lang='lat' dir='ltr'>&#39;Iam</span> <span class='ocrx_word' id='word_1_229' title='bbox 632 3199 707 3252; x_wconf 87' lang='lat' dir='ltr'>qvae</span> <span class='ocrx_word' id='word_1_230' title='bbox 720 3199 789 3236; x_wconf 89' lang='lat' dir='ltr'>vere</span> <span class='ocrx_word' id='word_1_231' title='bbox 800 3181 947 3236; x_wconf 83' lang='lat' dir='ltr'>Gennana</span> <span class='ocrx_word' id='word_1_232' title='bbox 958 3181 1037 3236; x_wconf 83' lang='lat' dir='ltr'>illivs</span> <span class='ocrx_word' id='word_1_233' title='bbox 1051 3198 1117 3236; x_wconf 87' lang='lat' dir='ltr'>asse</span> <span class='ocrx_word' id='word_1_234' title='bbox 1129 3197 1217 3235; x_wconf 89' lang='lat' dir='ltr'>nemo</span> <span class='ocrx_word' id='word_1_235' title='bbox 1229 3181 1342 3236; x_wconf 87' lang='lat' dir='ltr'>inficias</span> <span class='ocrx_word' id='word_1_236' title='bbox 1356 3186 1412 3250; x_wconf 85' lang='lat' dir='ltr'>cat,</span> 
     </span>
     <span class='ocr_line' id='line_1_30' title="bbox 166 3258 1413 3330; baseline 0.002 -18"><span class='ocrx_word' id='word_1_237' title='bbox 166 3277 253 3329; x_wconf 86' lang='lat' dir='ltr'>quam</span> <span class='ocrx_word' id='word_1_238' title='bbox 263 3276 339 3330; x_wconf 83' lang='lat' dir='ltr'>quae</span> <span class='ocrx_word' id='word_1_239' title='bbox 349 3261 449 3330; x_wconf 89' lang='lat' dir='ltr'>spuria</span> <span class='ocrx_word' id='word_1_240' title='bbox 459 3267 489 3314; x_wconf 85' lang='lat' dir='ltr'>et</span> <span class='ocrx_word' id='word_1_241' title='bbox 497 3261 687 3330; x_wconf 90' lang='lat' dir='ltr'>supposititia</span> <span class='ocrx_word' id='word_1_242' title='bbox 697 3261 885 3330; x_wconf 84' lang='lat' dir='ltr'>(quamquam</span> <span class='ocrx_word' id='word_1_243' title='bbox 894 3276 952 3313; x_wconf 92' lang='lat' dir='ltr'>non</span> <span class='ocrx_word' id='word_1_244' title='bbox 964 3259 1115 3314; x_wconf 87' lang='lat' dir='ltr'>dissimilis</span> <span class='ocrx_word' id='word_1_245' title='bbox 1124 3259 1255 3330; x_wconf 85' lang='lat' dir='ltr'>pietatis)</span> <span class='ocrx_word' id='word_1_246' title='bbox 1265 3258 1413 3330; x_wconf 85' lang='lat' dir='ltr'>plerisque</span> 
     </span>
     <span class='ocr_line' id='line_1_31' title="bbox 168 3344 1414 3416; baseline 0 -16"><span class='ocrx_word' id='word_1_247' title='bbox 168 3345 261 3400; x_wconf 84' lang='lat' dir='ltr'>videri</span> <span class='ocrx_word' id='word_1_248' title='bbox 273 3351 409 3416; x_wconf 88' lang='lat' dir='ltr'>possunt,</span> <span class='ocrx_word' id='word_1_249' title='bbox 421 3344 646 3416; x_wconf 84' lang='lat' dir='ltr'>diligentissime</span> <span class='ocrx_word' id='word_1_250' title='bbox 658 3363 736 3400; x_wconf 89' lang='lat' dir='ltr'>nunc</span> <span class='ocrx_word' id='word_1_251' title='bbox 748 3348 873 3416; x_wconf 88' lang='lat' dir='ltr'>primurn</span> <span class='ocrx_word' id='word_1_252' title='bbox 885 3348 1044 3416; x_wconf 82' lang='lat' dir='ltr'>recognita,</span> <span class='ocrx_word' id='word_1_253' title='bbox 1061 3351 1148 3400; x_wconf 88' lang='lat' dir='ltr'>aucta</span> <span class='ocrx_word' id='word_1_254' title='bbox 1161 3363 1195 3399; x_wconf 87' lang='lat' dir='ltr'>aa</span> <span class='ocrx_word' id='word_1_255' title='bbox 1208 3344 1370 3416; x_wconf 86' lang='lat' dir='ltr'>emendata,</span> <span class='ocrx_word' id='word_1_256' title='bbox 1383 3352 1414 3400; x_wconf 89' lang='lat' dir='ltr'>et</span> 
     </span>
     <span class='ocr_line' id='line_1_32' title="bbox 165 3431 1411 3504; baseline 0.001 -20"><span class='ocrx_word' id='word_1_257' title='bbox 165 3433 195 3484; x_wconf 93' lang='lat' dir='ltr'>in</span> <span class='ocrx_word' id='word_1_258' title='bbox 206 3431 340 3487; x_wconf 85' lang='lat' dir='ltr'>ordinem</span> <span class='ocrx_word' id='word_1_259' title='bbox 352 3433 568 3487; x_wconf 88' lang='lat' dir='ltr'>concinniorem</span> <span class='ocrx_word' id='word_1_260' title='bbox 578 3431 729 3503; x_wconf 88' lang='lat' dir='ltr'>disposita.</span> <span class='ocrx_word' id='word_1_261' title='bbox 743 3433 783 3486; x_wconf 91' lang='lat' dir='ltr'>Vt</span> <span class='ocrx_word' id='word_1_262' title='bbox 795 3450 832 3487; x_wconf 88' lang='lat' dir='ltr'>ex</span> <span class='ocrx_word' id='word_1_263' title='bbox 843 3433 1025 3504; x_wconf 80' lang='lat' dir='ltr'>praetatione</span> <span class='ocrx_word' id='word_1_264' title='bbox 1038 3431 1075 3486; x_wconf 88' lang='lat' dir='ltr'>ad</span> <span class='ocrx_word' id='word_1_265' title='bbox 1087 3431 1235 3500; x_wconf 88' lang='lat' dir='ltr'>lectorem,</span> <span class='ocrx_word' id='word_1_266' title='bbox 1249 3439 1280 3486; x_wconf 89' lang='lat' dir='ltr'>et</span> <span class='ocrx_word' id='word_1_267' title='bbox 1290 3449 1411 3502; x_wconf 90' lang='lat' dir='ltr'>operum</span> 
     </span>
     <span class='ocr_line' id='line_1_33' title="bbox 167 3515 1411 3590; baseline 0.002 -18"><span class='ocrx_word' id='word_1_268' title='bbox 167 3515 318 3588; x_wconf 78' lang='lat' dir='ltr'>catalogo,</span> <span class='ocrx_word' id='word_1_269' title='bbox 331 3520 457 3574; x_wconf 86' lang='lat' dir='ltr'>maxime</span> <span class='ocrx_word' id='word_1_270' title='bbox 469 3519 618 3590; x_wconf 88' lang='lat' dir='ltr'>veroquid</span> <span class='ocrx_word' id='word_1_271' title='bbox 631 3521 660 3572; x_wconf 92' lang='lat' dir='ltr'>in</span> <span class='ocrx_word' id='word_1_272' title='bbox 673 3519 728 3573; x_wconf 89' lang='lat' dir='ltr'>hac</span> <span class='ocrx_word' id='word_1_273' title='bbox 739 3519 867 3574; x_wconf 86' lang='lat' dir='ltr'>editione</span> <span class='ocrx_word' id='word_1_274' title='bbox 880 3521 919 3573; x_wconf 87' lang='lat' dir='ltr'>ait</span> <span class='ocrx_word' id='word_1_275' title='bbox 928 3521 1102 3589; x_wconf 85' lang='lat' dir='ltr'>praestitum</span> <span class='ocrx_word' id='word_1_276' title='bbox 1114 3517 1214 3572; x_wconf 81' lang='lat' dir='ltr'>beabit</span> <span class='ocrx_word' id='word_1_277' title='bbox 1225 3535 1411 3589; x_wconf 84' lang='lat' dir='ltr'>cognoscere.</span> 
     </span>
     <span class='ocr_line' id='line_1_34' title="bbox 167 3603 1412 3678; baseline -0.001 -18"><span class='ocrx_word' id='word_1_278' title='bbox 167 3603 240 3660; x_wconf 84' lang='lat' dir='ltr'>Oum</span> <span class='ocrx_word' id='word_1_279' title='bbox 256 3603 357 3659; x_wconf 87' lang='lat' dir='ltr'>Indica</span> <span class='ocrx_word' id='word_1_280' title='bbox 370 3603 487 3677; x_wconf 86' lang='lat' dir='ltr'>duplici,</span> <span class='ocrx_word' id='word_1_281' title='bbox 500 3605 593 3659; x_wconf 86' lang='lat' dir='ltr'>altero</span> <span class='ocrx_word' id='word_1_282' title='bbox 606 3605 739 3660; x_wconf 90' lang='lat' dir='ltr'>locorum</span> <span class='ocrx_word' id='word_1_283' title='bbox 755 3621 855 3660; x_wconf 87' lang='lat' dir='ltr'>sacrae</span> <span class='ocrx_word' id='word_1_284' title='bbox 869 3608 1031 3678; x_wconf 80' lang='lat' dir='ltr'>scripturae</span> <span class='ocrx_word' id='word_1_285' title='bbox 1043 3605 1153 3676; x_wconf 74' lang='lat' dir='ltr'>passim</span> <span class='ocrx_word' id='word_1_286' title='bbox 1166 3605 1280 3676; x_wconf 88' lang='lat' dir='ltr'>abipso</span> <span class='ocrx_word' id='word_1_287' title='bbox 1293 3605 1328 3662; x_wconf 90' lang='lat' dir='ltr'>D.</span> <span class='ocrx_word' id='word_1_288' title='bbox 1342 3606 1412 3660; x_wconf 86' lang='lat' dir='ltr'>Ber·</span> 
     </span>
     <span class='ocr_line' id='line_1_35' title="bbox 165 3691 1411 3763; baseline 0.003 -18"><span class='ocrx_word' id='word_1_289' title='bbox 165 3691 258 3746; x_wconf 87' lang='lat' dir='ltr'>nardo</span> <span class='ocrx_word' id='word_1_290' title='bbox 272 3691 493 3762; x_wconf 82' lang='lat' dir='ltr'>explicatorum,</span> <span class='ocrx_word' id='word_1_291' title='bbox 506 3692 598 3746; x_wconf 88' lang='lat' dir='ltr'>altero</span> <span class='ocrx_word' id='word_1_292' title='bbox 610 3709 704 3763; x_wconf 89' lang='lat' dir='ltr'>eoque</span> <span class='ocrx_word' id='word_1_293' title='bbox 716 3709 795 3746; x_wconf 90' lang='lat' dir='ltr'>nouo</span> <span class='ocrx_word' id='word_1_294' title='bbox 806 3699 837 3746; x_wconf 88' lang='lat' dir='ltr'>et</span> <span class='ocrx_word' id='word_1_295' title='bbox 848 3692 945 3763; x_wconf 89' lang='lat' dir='ltr'>amplo</span> <span class='ocrx_word' id='word_1_296' title='bbox 955 3711 1053 3747; x_wconf 89' lang='lat' dir='ltr'>rerum</span> <span class='ocrx_word' id='word_1_297' title='bbox 1066 3699 1096 3746; x_wconf 88' lang='lat' dir='ltr'>et</span> <span class='ocrx_word' id='word_1_298' title='bbox 1105 3692 1269 3748; x_wconf 87' lang='lat' dir='ltr'>verborum.</span> <span class='ocrx_word' id='word_1_299' title='bbox 1281 3693 1411 3749; x_wconf 86' lang='lat' dir='ltr'>Parisiis.</span> 
     </span>
     <span class='ocr_line' id='line_1_36' title="bbox 164 3779 1411 3850; baseline 0.001 -16"><span class='ocrx_word' id='word_1_300' title='bbox 164 3779 243 3834; x_wconf 79' lang='lat' dir='ltr'>M.D</span> <span class='ocrx_word' id='word_1_301' title='bbox 252 3820 257 3832; x_wconf 94' lang='lat'>.</span> <span class='ocrx_word' id='word_1_302' title='bbox 267 3779 330 3834; x_wconf 86' lang='lat'>011.</span> <span class='ocrx_word' id='word_1_303' title='bbox 348 3779 456 3848; x_wconf 74' lang='lat' dir='ltr'>Magna</span> <span class='ocrx_word' id='word_1_304' title='bbox 470 3779 570 3834; x_wconf 85' lang='lat' dir='ltr'>Navis.</span> <span class='ocrx_word' id='word_1_305' title='bbox 588 3779 661 3834; x_wconf 86' lang='lat' dir='ltr'>Ovm</span> <span class='ocrx_word' id='word_1_306' title='bbox 677 3779 835 3848; x_wconf 85' lang='lat' dir='ltr'>Privilegio</span> <span class='ocrx_word' id='word_1_307' title='bbox 851 3779 950 3850; x_wconf 82' lang='lat' dir='ltr'>Regis.</span> <span class='ocrx_word' id='word_1_308' title='bbox 963 3810 988 3818; x_wconf 95' lang='lat'><em>-</em></span> <span class='ocrx_word' id='word_1_309' title='bbox 1001 3779 1064 3834; x_wconf 83' lang='lat' dir='ltr'>Fol.</span> <span class='ocrx_word' id='word_1_310' title='bbox 1081 3779 1228 3834; x_wconf 87' lang='lat' dir='ltr'>Praefatio</span> <span class='ocrx_word' id='word_1_311' title='bbox 1239 3783 1270 3846; x_wconf 59' lang='lat'>4-</span> <span class='ocrx_word' id='word_1_312' title='bbox 1283 3779 1411 3850; x_wconf 91' lang='lat' dir='ltr'>Operum</span> 
     </span>
     <span class='ocr_line' id='line_1_37' title="bbox 165 3864 1411 3938; baseline 0.001 -17"><span class='ocrx_word' id='word_1_313' title='bbox 165 3865 318 3937; x_wconf 82' lang='lat' dir='ltr'>catalogus</span> <span class='ocrx_word' id='word_1_314' title='bbox 327 3869 359 3934; x_wconf 71' lang='lat'>÷</span> <span class='ocrx_word' id='word_1_315' title='bbox 367 3864 461 3920; x_wconf 86' lang='lat' dir='ltr'>Index</span> <span class='ocrx_word' id='word_1_316' title='bbox 471 3873 529 3922; x_wconf 85' lang='lat' dir='ltr'>vet.</span> <span class='ocrx_word' id='word_1_317' title='bbox 541 3868 670 3936; x_wconf 87' lang='lat' dir='ltr'>novique</span> <span class='ocrx_word' id='word_1_318' title='bbox 683 3868 853 3920; x_wconf 84' lang='lat' dir='ltr'>testamenti</span> <span class='ocrx_word' id='word_1_319' title='bbox 865 3866 997 3921; x_wconf 88' lang='lat' dir='ltr'>locorum</span> <span class='ocrx_word' id='word_1_320' title='bbox 1010 3867 1411 3938; x_wconf 83' lang='lat' dir='ltr'>expositorum-l-cclumnae</span> 
     </span>
    </p>
   </div>
   <div class='ocr_carea' id='block_1_12' title="bbox 165 3951 1411 4112">
    <p class='ocr_par' dir='ltr' id='par_1_13' title="bbox 165 3951 1411 4112">
     <span class='ocr_line' id='line_1_38' title="bbox 165 3951 1411 4024; baseline 0.002 -18"><span class='ocrx_word' id='word_1_321' title='bbox 165 3953 234 4008; x_wconf 83' lang='grc'><strong>3138</strong></span> <span class='ocrx_word' id='word_1_322' title='bbox 242 3958 272 4020; x_wconf 59' lang='grc'><strong>-1</strong></span> <span class='ocrx_word' id='word_1_323' title='bbox 282 3951 376 4008; x_wconf 88' lang='lat' dir='ltr'>Index</span> <span class='ocrx_word' id='word_1_324' title='bbox 388 3970 486 4008; x_wconf 89' lang='lat' dir='ltr'>rerum</span> <span class='ocrx_word' id='word_1_325' title='bbox 495 3953 719 4024; x_wconf 85' lang='lat' dir='ltr'>verborumque.</span> <span class='ocrx_word' id='word_1_326' title='bbox 730 3954 915 4022; x_wconf 69' lang='lat' dir='ltr'>(Bacmanua</span> <span class='ocrx_word' id='word_1_327' title='bbox 925 3953 1033 4008; x_wconf 90' lang='lat' dir='ltr'>Biblth.</span> <span class='ocrx_word' id='word_1_328' title='bbox 1043 3953 1178 4008; x_wconf 79' lang='lat' dir='ltr'>Francos.</span> <span class='ocrx_word' id='word_1_329' title='bbox 1188 3954 1231 4008; x_wconf 79' lang='lat'>54.</span> <span class='ocrx_word' id='word_1_330' title='bbox 1241 3985 1266 3992; x_wconf 94' lang='lat'>-</span> <span class='ocrx_word' id='word_1_331' title='bbox 1276 3953 1411 4009; x_wconf 85' lang='lat' dir='ltr'>Olearius</span> 
     </span>
     <span class='ocr_line' id='line_1_39' title="bbox 165 4039 1164 4112; baseline 0 -18"><span class='ocrx_word' id='word_1_332' title='bbox 165 4040 188 4094; x_wconf 94' lang='lat' dir='ltr'>I.</span> <span class='ocrx_word' id='word_1_333' title='bbox 204 4041 262 4094; x_wconf 89' lang='grc'><strong>129.</strong></span> <span class='ocrx_word' id='word_1_334' title='bbox 276 4072 297 4080; x_wconf 93' lang='grc'>-</span> <span class='ocrx_word' id='word_1_335' title='bbox 306 4039 457 4096; x_wconf 72' lang='lat' dir='ltr'>Ptrennts</span> <span class='ocrx_word' id='word_1_336' title='bbox 469 4040 524 4095; x_wconf 93' lang='lat' dir='ltr'>III.</span> <span class='ocrx_word' id='word_1_337' title='bbox 536 4040 596 4094; x_wconf 89' lang='grc'><strong>239.</strong></span> <span class='ocrx_word' id='word_1_338' title='bbox 606 4073 631 4080; x_wconf 95' lang='grc'>-</span> <span class='ocrx_word' id='word_1_339' title='bbox 641 4040 707 4094; x_wconf 83' lang='lat' dir='ltr'>Not.</span> <span class='ocrx_word' id='word_1_340' title='bbox 720 4057 757 4095; x_wconf 86' lang='lat' dir='ltr'>ex</span> <span class='ocrx_word' id='word_1_341' title='bbox 770 4039 871 4096; x_wconf 89' lang='lat' dir='ltr'>biblth.</span> <span class='ocrx_word' id='word_1_342' title='bbox 884 4042 1012 4096; x_wconf 81' lang='lat' dir='ltr'>univers.</span> <span class='ocrx_word' id='word_1_343' title='bbox 1024 4041 1129 4112; x_wconf 84' lang='lat' dir='ltr'>Prag.).</span> <span class='ocrx_word' id='word_1_344' title='bbox 1139 4071 1164 4080; x_wconf 90' lang='lat'><em>-</em></span> 
     </span>
    </p>
   </div>
   <div class='ocr_carea' id='block_1_13' title="bbox 165 4180 1411 4787">
    <p class='ocr_par' dir='ltr' id='par_1_14' title="bbox 165 4180 1411 4355">
     <span class='ocr_line' id='line_1_40' title="bbox 222 4180 1411 4266; baseline -0.003 -16"><span class='ocrx_word' id='word_1_345' title='bbox 222 4181 297 4250; x_wconf 86' lang='grc'><strong>757.</strong></span> <span class='ocrx_word' id='word_1_346' title='bbox 312 4219 345 4229; x_wconf 85' lang='grc'><strong>-</strong></span> <span class='ocrx_word' id='word_1_347' title='bbox 365 4181 617 4266; x_wconf 82' lang='lat' dir='ltr'>(Castallanos.</span> <span class='ocrx_word' id='word_1_348' title='bbox 636 4181 692 4266; x_wconf 87' lang='lat'>-)</span> <span class='ocrx_word' id='word_1_349' title='bbox 715 4183 761 4246; x_wconf 85' lang='lat' dir='ltr'>El</span> <span class='ocrx_word' id='word_1_350' title='bbox 782 4182 862 4247; x_wconf 81' lang='lat' dir='ltr'>libro</span> <span class='ocrx_word' id='word_1_351' title='bbox 883 4183 921 4246; x_wconf 84' lang='lat' dir='ltr'>de</span> <span class='ocrx_word' id='word_1_352' title='bbox 945 4181 977 4246; x_wconf 81' lang='lat' dir='ltr'>S.</span> <span class='ocrx_word' id='word_1_353' title='bbox 998 4181 1169 4247; x_wconf 83' lang='lat' dir='ltr'>Beraardo</span> <span class='ocrx_word' id='word_1_354' title='bbox 1192 4182 1247 4246; x_wconf 78' lang='lat' dir='ltr'>Ad</span> <span class='ocrx_word' id='word_1_355' title='bbox 1267 4180 1411 4247; x_wconf 82' lang='lat' dir='ltr'>Sororem</span> 
     </span>
     <span class='ocr_line' id='line_1_41' title="bbox 165 4267 1217 4355; baseline 0 -23"><span class='ocrx_word' id='word_1_356' title='bbox 165 4267 347 4334; x_wconf 87' lang='lat' dir='ltr'>traducido</span> <span class='ocrx_word' id='word_1_357' title='bbox 363 4289 427 4355; x_wconf 90' lang='lat' dir='ltr'>por</span> <span class='ocrx_word' id='word_1_358' title='bbox 447 4268 579 4334; x_wconf 80' lang='lat' dir='ltr'>Gabriel</span> <span class='ocrx_word' id='word_1_359' title='bbox 597 4267 1000 4355; x_wconf 70' lang='lat' dir='ltr'>Cateltaas1).Pinoiae</span> <span class='ocrx_word' id='word_1_360' title='bbox 1018 4277 1112 4333; x_wconf 80' lang='lat'>1602.</span> <span class='ocrx_word' id='word_1_361' title='bbox 1130 4268 1176 4333; x_wconf 83' lang='lat'>8⁰:</span> <span class='ocrx_word' id='word_1_362' title='bbox 1190 4305 1217 4315; x_wconf 89' lang='lat'>-</span> 
     </span>
    </p>

    <p class='ocr_par' dir='ltr' id='par_1_15' title="bbox 166 4369 1411 4616">
     <span class='ocr_line' id='line_1_42' title="bbox 218 4369 1411 4442; baseline 0 -16"><span class='ocrx_word' id='word_1_363' title='bbox 218 4373 369 4442; x_wconf 81' lang='lat' dir='ltr'>(AntonIo,</span> <span class='ocrx_word' id='word_1_364' title='bbox 386 4370 461 4428; x_wconf 89' lang='lat' dir='ltr'>Bibl.</span> <span class='ocrx_word' id='word_1_365' title='bbox 476 4371 561 4442; x_wconf 86' lang='lat' dir='ltr'>Hiap.</span> <span class='ocrx_word' id='word_1_366' title='bbox 580 4372 615 4428; x_wconf 90' lang='lat' dir='ltr'>N.</span> <span class='ocrx_word' id='word_1_367' title='bbox 631 4371 655 4428; x_wconf 90' lang='grc' dir='ltr'><strong>Ι.</strong></span> <span class='ocrx_word' id='word_1_368' title='bbox 672 4371 731 4427; x_wconf 87' lang='grc'><strong>505.</strong></span> <span class='ocrx_word' id='word_1_369' title='bbox 742 4371 918 4442; x_wconf 77' lang='lat' dir='ltr'>-Franpois</span> <span class='ocrx_word' id='word_1_370' title='bbox 934 4371 957 4425; x_wconf 91' lang='lat'>1.</span> <span class='ocrx_word' id='word_1_371' title='bbox 978 4369 1035 4426; x_wconf 83' lang='lat'>182.</span> <span class='ocrx_word' id='word_1_372' title='bbox 1045 4401 1070 4410; x_wconf 94' lang='lat'><em>-</em></span> <span class='ocrx_word' id='word_1_373' title='bbox 1080 4369 1258 4442; x_wconf 79' lang='lat' dir='ltr'>Heariquez,</span> <span class='ocrx_word' id='word_1_374' title='bbox 1277 4370 1411 4426; x_wconf 83' lang='lat' dir='ltr'>Phoenix</span> 
     </span>
     <span class='ocr_line' id='line_1_43' title="bbox 166 4457 1411 4527; baseline -0.002 -15"><span class='ocrx_word' id='word_1_375' title='bbox 166 4457 260 4513; x_wconf 63' lang='grc'><strong>156,-</strong></span> <span class='ocrx_word' id='word_1_376' title='bbox 270 4459 347 4514; x_wconf 83' lang='lat' dir='ltr'>Hist.</span> <span class='ocrx_word' id='word_1_377' title='bbox 361 4459 432 4512; x_wconf 90' lang='lat' dir='ltr'>Litt.</span> <span class='ocrx_word' id='word_1_378' title='bbox 448 4457 484 4512; x_wconf 92' lang='lat' dir='ltr'>de</span> <span class='ocrx_word' id='word_1_379' title='bbox 500 4458 529 4512; x_wconf 90' lang='lat' dir='ltr'>la</span> <span class='ocrx_word' id='word_1_380' title='bbox 544 4459 656 4514; x_wconf 81' lang='lat' dir='ltr'>Franco</span> <span class='ocrx_word' id='word_1_381' title='bbox 669 4458 754 4513; x_wconf 87' lang='lat' dir='ltr'>XIII.</span> <span class='ocrx_word' id='word_1_382' title='bbox 771 4458 829 4516; x_wconf 86' lang='grc'>225.</span> <span class='ocrx_word' id='word_1_383' title='bbox 840 4458 992 4527; x_wconf 75' lang='lat' dir='ltr'>-Jtcher,</span> <span class='ocrx_word' id='word_1_384' title='bbox 1007 4457 1083 4527; x_wconf 83' lang='lat' dir='ltr'>Allg.</span> <span class='ocrx_word' id='word_1_385' title='bbox 1097 4457 1160 4512; x_wconf 73' lang='lat' dir='ltr'>(iel.</span> <span class='ocrx_word' id='word_1_386' title='bbox 1177 4457 1248 4514; x_wconf 85' lang='lat' dir='ltr'>Lex.</span> <span class='ocrx_word' id='word_1_387' title='bbox 1262 4458 1285 4513; x_wconf 90' lang='grc' dir='ltr'><strong>Ι.</strong></span> <span class='ocrx_word' id='word_1_388' title='bbox 1301 4458 1376 4512; x_wconf 86' lang='grc'><strong>1742.</strong></span> <span class='ocrx_word' id='word_1_389' title='bbox 1386 4489 1411 4498; x_wconf 91' lang='lat'><em>-</em></span> 
     </span>
     <span class='ocr_line' id='line_1_44' title="bbox 166 4545 373 4616; baseline 0 -18"><span class='ocrx_word' id='word_1_390' title='bbox 166 4545 255 4600; x_wconf 76' lang='lat' dir='ltr'>vsa</span> <span class='ocrx_word' id='word_1_391' title='bbox 270 4546 338 4616; x_wconf 80' lang='lat' dir='ltr'>nr).</span> <span class='ocrx_word' id='word_1_392' title='bbox 348 4577 373 4586; x_wconf 81' lang='grc'><strong>-</strong></span> 
     </span>
    </p>

    <p class='ocr_par' dir='ltr' id='par_1_16' title="bbox 217 4629 1410 4704">
     <span class='ocr_line' id='line_1_45' title="bbox 217 4629 1410 4704; baseline -0.001 -18"><span class='ocrx_word' id='word_1_393' title='bbox 217 4629 250 4686; x_wconf 89' lang='lat' dir='ltr'>N.</span> <span class='ocrx_word' id='word_1_394' title='bbox 267 4635 275 4686; x_wconf 91' lang='grc'><strong>1</strong></span> <span class='ocrx_word' id='word_1_395' title='bbox 289 4653 296 4685; x_wconf 89' lang='lat'><strong>:</strong></span> <span class='ocrx_word' id='word_1_396' title='bbox 309 4631 811 4702; x_wconf 59' lang='grc' dir='ltr'><strong>01110181.ωοηωὴιιεΗοηεηεῑε,</strong></span> <span class='ocrx_word' id='word_1_397' title='bbox 824 4638 893 4704; x_wconf 82' lang='lat' dir='ltr'>post</span> <span class='ocrx_word' id='word_1_398' title='bbox 904 4632 1004 4700; x_wconf 83' lang='lat' dir='ltr'>abbas,</span> <span class='ocrx_word' id='word_1_399' title='bbox 1015 4632 1152 4686; x_wconf 84' lang='lat' dir='ltr'>visitator</span> <span class='ocrx_word' id='word_1_400' title='bbox 1162 4631 1308 4702; x_wconf 82' lang='lat' dir='ltr'>generalis</span> <span class='ocrx_word' id='word_1_401' title='bbox 1321 4637 1374 4686; x_wconf 85' lang='lat' dir='ltr'>etc.</span> <span class='ocrx_word' id='word_1_402' title='bbox 1384 4661 1410 4670; x_wconf 91' lang='lat'><em>-</em></span> 
     </span>
    </p>

    <p class='ocr_par' dir='ltr' id='par_1_17' title="bbox 216 4729 1255 4787">
     <span class='ocr_line' id='line_1_46' title="bbox 216 4729 1255 4787; baseline 0 -17"><span class='ocrx_word' id='word_1_403' title='bbox 216 4729 290 4770; x_wconf 69' lang='lat' dir='ltr'>Xenis</span> <span class='ocrx_word' id='word_1_404' title='bbox 303 4731 445 4770; x_wconf 79' lang='lat' dir='ltr'>chardina</span> <span class='ocrx_word' id='word_1_405' title='bbox 458 4731 495 4772; x_wconf 84' lang='lat' dir='ltr'>lv.</span> <span class='ocrx_word' id='word_1_406' title='bbox 511 4731 679 4781; x_wconf 66' lang='lat' dir='ltr'>Bibllographla</span> <span class='ocrx_word' id='word_1_407' title='bbox 692 4731 832 4770; x_wconf 80' lang='lat' dir='ltr'>Bernardlna</span> <span class='ocrx_word' id='word_1_408' title='bbox 1224 4735 1255 4787; x_wconf 83' lang='lat'>12</span> 
     </span>
    </p>
   </div>
   <div class='ocr_carea' id='block_1_14' title="bbox 0 0 1704 5276">
    <p class='ocr_par' dir='ltr' id='par_1_18' title="bbox 0 0 1704 5276">
     <span class='ocr_line' id='line_1_47' title="bbox 0 0 1704 5276; baseline 0 0"><span class='ocrx_word' id='word_1_409' title='bbox 0 0 1704 5276; x_wconf 95' lang='lat' dir='ltr'> </span> 
     </span>
    </p>
   </div>
  </div>
 </body>
</html>
