3398 5270
703 375 809 474 „103
820 469 859 474 --

154 564 231 630 scil.
247 571 344 652 post:
372 562 523 650 „Seriem
539 585 683 651 operum
699 572 803 652 atque
819 572 1029 632 tractatuum
1045 565 1080 632 S.
1095 567 1265 631 Bernardi
1284 565 1321 630 in
1337 565 1404 632 hoc

153 652 333 718 volumine
364 654 624 718 contentorum“
657 653 800 738 legitur:
831 655 992 735 „dodorus
1024 653 1223 720 Gliclboucus
1248 654 1404 741 Neopor-

154 739 289 804 tuensis
305 739 467 824 benignis
483 739 672 806 lectoribus
688 741 866 824 salutem“,
883 740 942 825 qui
959 763 1064 826 opera
1080 741 1114 806 S.
1126 741 1296 804 Bernardi
1313 762 1404 805 oom-

154 827 307 892 mendat.
331 833 516 888 Praecedimt
533 835 603 888 34st:
622 851 681 887 non
698 840 859 904 numerata,
877 841 1041 904 sequuntur
1056 834 1106 886 320
1120 839 1281 904 numerata,
1300 833 1405 888 deinde

154 928 191 982 34
203 947 262 983 nou
275 935 438 999 numerata,
456 946 582 999 quorum
599 935 781 999 postremum
799 946 925 984 vacuum
943 935 998 984 est.

211 1016 298 1082 Post
307 1017 699 1082 unumfoliumvacuum
713 1018 877 1082 Gillalarll
887 1017 1050 1082 Saracenas
1058 1017 1222 1102 leguntur
1230 1017 1289 1081 i'ol.
1301 1027 1403 1099 1-43,

155 1103 283 1188 quibus
296 1104 460 1168 adhaeret
472 1105 734 1191 „Repertorium
747 1109 961 1169 sermonum“
978 1117 994 1168 o
1008 1125 1110 1190 pagg.
1124 1125 1193 1169 non
1206 1104 1404 1168 numeratis.
1422 1105 1424 1110 ’

212 1191 306 1256 Ante
325 1204 352 1255 1.
363 1213 555 1257 sermonem
568 1191 602 1256 S.
612 1191 780 1256 Bernardi
792 1192 956 1277 leguntur
967 1191 1069 1255 haec:
1087 1191 1217 1255 Deuoti
1233 1190 1404 1254 melliflui-

155 1299 226 1361 que
250 1278 402 1342 doctoris
426 1277 499 1342 diui
518 1278 687 1343 Bernardi
711 1278 812 1364 primi
837 1279 971 1342 abbatis
996 1277 1198 1342 Glareuallis
1223 1278 1405 1363 saraphioa
1434 1305 1437 1312 ·

154 1365 289 1450 scripta
304 1365 465 1449 diligenti
481 1387 563 1429 cura
579 1387 657 1429 eum
674 1365 865 1450 architypis
883 1365 1093 1428 bibliothece
1110 1365 1202 1428 dicte
1223 1366 1404 1430 olureoollls

155 1473 178 1514 o
191 1453 353 1518 nonnullis
366 1453 503 1518 ciusdem
516 1454 625 1518 doulos
637 1453 798 1517 riiouocbls
812 1453 1002 1516 ememlata.
1015 1452 1094 1515 Una
1110 1474 1187 1514 cum
1204 1451 1277 1515 eius
1289 1454 1355 1516 vlla
1368 1452 1405 1514 in

155 1561 262 1624 prosa
278 1547 313 1602 et
327 1539 536 1602 carminibus
551 1539 695 1604 edoctis
709 1561 747 1603 ao
761 1539 897 1604 deuotis
910 1539 992 1602 viris
1005 1547 1085 1624 post
1098 1538 1209 1602 sancti
1223 1538 1403 1601 decessum

155 1625 328 1690 veraciter
344 1625 533 1712 descripta:
551 1633 586 1690 et
598 1625 654 1689 hic
667 1647 804 1710 quoque
816 1647 886 1690 non
899 1633 938 1689 ut
948 1625 1045 1711 prius
1056 1632 1234 1689 truncata:
1248 1627 1308 1688 sed
1321 1625 1404 1688 fide-

154 1711 238 1776 liter
253 1733 293 1776 ac
309 1712 525 1797 integraliter
540 1713 611 1777 suis
628 1712 803 1798 opusculis
821 1713 971 1776 adiecta:
997 1721 1032 1776 et
1051 1711 1212 1776 uniuersa
1232 1734 1325 1776 nunc
1347 1712 1403 1775 de-

156 1821 251 1863 mum
267 1798 303 1862 in
316 1799 495 1884 pulchram
507 1799 608 1864 vuius
621 1799 806 1864 voluminis
819 1801 941 1887 (veluti
953 1799 1067 1886 palam
1080 1800 1245 1884 cernitur)
1258 1803 1404 1863 formam

157 1907 221 1970 per
238 1887 442 1971 magistrum
457 1887 684 1950 Bartholdum
703 1887 866 1951 ltembolt
884 1887 1039 1950 redacta:
1061 1887 1248 1970 sedulaque
1269 1909 1308 1949 ac
1329 1886 1404 1949 dili-

155 1972 253 2056 genti
271 1995 369 2038 cura:
387 1980 421 2036 et
436 1973 601 2059 impensis
613 1975 636 2038 J
639 1974 785 2037 ohannis
797 1974 899 2038 Parui
913 1975 1013 2037 Almo
1027 1973 1263 2037 uniuersitatis
1279 1973 1404 2036 Parisi-

156 2059 251 2124 ensis
266 2059 398 2124 librarii
413 2060 527 2124 iurati.
544 2058 599 2123 Ad
614 2060 753 2124 laudem
770 2061 824 2123 dei
842 2060 1030 2145 christique
1042 2060 1196 2122 fidelium
1209 2059 1403 2124 utilitatem.

156 2147 262 2210 Anno
290 2146 537 2210 incarnationis
561 2147 733 2212 dominice
755 2148 940 2212 Millcsimo
967 2147 1243 2232 quingentesimo
1271 2147 1404 2212 ‹lecirno

156 2234 318 2319 septimo.
335 2235 401 2298 Die
416 2256 498 2298 vero
515 2233 576 2298 iiii.
593 2234 691 2319 lulij.
704 2271 738 2281 -

211 2335 274 2390 sol.
286 2337 372 2391 laiht
391 2354 500 2391 numm.
520 2345 550 2391 et
566 2355 594 2391 u.
614 2355 722 2392 numm.
736 2355 802 2391 oum
821 2339 894 2406 sign.
909 2338 972 2390 sine
992 2343 1066 2392 eust.
1080 2369 1104 2376 -
1119 2336 1289 2407 (Ohevillier
1310 2337 1366 2391 loa.
1379 2367 1405 2376 -

156 2421 329 2477 Clemenoet
347 2425 406 2478 391.
417 2425 529 2480 -Hist
549 2425 619 2480 Litt.
639 2425 675 2478 do
695 2425 723 2478 la
738 2425 850 2477 Fraricc
863 2423 947 2479 Xlll.
961 2425 1023 2478 221.
1033 2455 1057 2462 —
1067 2425 1167 2492 Rossi‚
1179 2425 1318 2479 Biblioth.
1333 2425 1404 2478 Bor·

156 2511 226 2564 bon.
246 2510 269 2565 l.
287 2513 383 2566 3ot.-
399 2512 453 2566 Vis.
472 2529 508 2565 cx
528 2511 658 2566 biblioth.
679 2513 806 2566 univers,
825 2511 1058 2582 Halae-Sex).-

211 2623 290 2692 403.
305 2665 344 2671 —·
358 2627 558 2712 Computus
570 2648 688 2696 novus
701 2627 985 2708 ecclesiasticus,
997 2625 1194 2690 elaboratus
1207 2649 1246 2690 ao
1261 2625 1404 2690 utilibus

156 2710 396 2776 additionibus
417 2713 452 2777 in
471 2713 567 2797 locis,
590 2713 649 2778 ubi
671 2711 852 2778 obscurior
871 2713 1063 2796 videbatur,
1084 2712 1270 2796 diligenter
1284 2724 1405 2777 auctus

156 2805 266 2884 (etc).
282 2799 477 2865 Praefixum
495 2808 547 2864 est
563 2803 672 2866 lla-m.
692 2802 828 2864 Tullcllil
849 2822 974 2864 comica
991 2803 1024 2863 lu
1040 2805 1236 2864 colcadolom
1254 2803 1287 2863 b'.
1301 2801 1404 2864 bora·

154 2889 255 2951 bardi
266 2888 409 2952 Musiaco
425 2894 445 2971 ¹)
459 2892 563 2972 (ete).
576 2888 716 2974 Lipsiae
729 2888 763 2951 in
777 2888 853 2952 aed.
871 2886 1042 2951 Valentini
1055 2888 1254 2950 Schamaun
1271 2896 1362 2950 1517.
1377 2925 1403 2934 -

211 2988 353 3052 (Hirschii
370 2991 443 3044 Mill.
460 2991 499 3044 ii
518 2992 551 3044 N.
575 2993 678 3062 107).-

209 3075 246 3128 N.
267 3076 289 3130 1.
308 3075 371 3132 vid.
391 3077 426 3131 N.
445 3080 557 3135 401.-

701 3178 740 3244 A.
762 3181 872 3244 1517?

213 3302 292 3370 401.
302 3341 343 3350 -
353 3306 400 3390 (S.
417 3307 663 3375 Bernhardus.
681 3307 829 3371 Florales
845 3315 909 3369 elo.
920 3311 973 3387 -)
988 3307 1142 3372 Poomulu
1158 3307 1303 3372 olorulio.
1319 3344 1345 3351 —
1367 3257 1368 3260 Ἴ

212 3407 290 3477 (Hae
308 3409 362 3462 sub
382 3411 570 3480 inscriptione
590 3413 738 3480 „Auclorcs
756 3411 831 3464 οειοιι
853 3408 920 3476 [vid.
939 3409 1253 3482 31.Dcc.148a],in‹1e
1272 3409 1308 3463 ab
1327 3427 1404 3462 aurio

159 3493 284 3548 lassad
305 3495 370 3550 1517
390 3495 511 3552 Oadomi
535 3505 565 3552 et
586 3497 743 3567 Rotomagi
768 3497 938 3566 singillatim
963 3497 1067 3568 editos,
1094 3499 1125 3550 iu
1151 3515 1241 3550 unum
1266 3494 1405 3549 volumen

156 3582 272 3636 formae
290 3583 331 3636 4¹⁰
350 3583 486 3639 redactos
505 3603 572 3640 esse
590 3585 680 3639 rel'ert
697 3585 759 3639 Jaa
779 3585 843 3639 Gar.
863 3585 982 3655 Breuci,
1001 3585 1121 3640 Manuel
1139 3585 1163 3640 l.
1182 3585 1252 3654 aab).
1265 3615 1287 3624 —

702 3729 741 3792 A,
763 3729 864 3793 1518:

213 3855 291 3924 405.
302 3895 343 3904 -—
353 3861 364 3936 l
368 3858 401 3925 S.
409 3859 630 3926 Bernardus.
647 3857 841 3937 b'olloqabou
852 3857 991 3920 Sililouis
1000 3863 1054 3921 elo.
1064 3860 1120 3939 —l
1130 3857 1158 3920 F
1172 3869 1186 3919 1
1198 3857 1263 3920 Tit.
1274 3880 1281 3920 :
1294 3855 1405 3920 Melli-

157 3941 220 4006 flui
237 3943 389 4009 doctoris
406 3944 478 4008 diui
493 3945 658 4009 Baraordi
674 3943 810 4008 abbatis
827 3943 1091 4026 Olareuallensis
1106 3966 1209 4028 super
1225 3943 1284 4007 illo
1302 3965 1405 4007 errau-

156 4030 252 4114 gelio
267 4079 274 4095 .
287 4031 368 4096 Ecce
383 4053 439 4098 uos
453 4033 639 4113 reliquiariis
654 4033 780 4096 corula:
802 4029 1070 4095 declamationes
1086 4079 1093 4094 .
1109 4031 1252 4114 (Subtus
1269 4030 1405 4114 insigne

159 4123 196 4180 et
210 4139 338 4183 nomen
358 4119 585 4204 typographi:
609 4117 774 4182 Albertus
798 4117 982 4201 Pafliaed).
1006 4118 1081 4181 F‘2:
1099 4117 1230 4180 Tabula
1254 4117 1333 4180 libri
1353 4139 1405 4180 se-

159 4204 308 4288 quentis.
330 4205 404 4270 F3:
427 4205 481 4270 De
502 4204 675 4288 colloquio
693 4203 855 4288 Symouis
872 4211 906 4268 et
922 4205 1009 4268 lesu
1024 4204 1195 4288 Prologus
1213 4203 1305 4267 boati
1320 4203 1405 4267 Ber-

158 4292 259 4355 nardi
275 4291 422 4356 abbatis.
438 4293 527 4358 Ino:
550 4293 592 4356 Vt
604 4290 668 4355 tibi
684 4289 918 4354 dilectissime.
935 4292 1135 4374 Sequuntur
1150 4290 1302 4375 capitula
1312 4291 1374 4354 hv
1376 4291 1402 4356 1.

159 4377 202 4440 In
228 4379 297 4442 fine
324 4379 414 4462 (Fol.
439 4384 565 4464 novel:
593 4380 769 4443 Euciisuin
796 4378 986 4442 Daueutrie
1013 4379 1116 4443 Anno
1140 4377 1260 4441 salutis
1287 4384 1403 4442 nostre

159 4464 197 4528 M
209 4515 218 4529 .
231 4465 263 4528 D
277 4516 285 4530 .
299 4467 432 4555 nVssJ.
446 4505 472 4514 -

212 4567 288 4622 Cum
303 4571 435 4638 aigeina
450 4577 523 4625 eust.
541 4577 571 4625 ct
586 4588 632 4641 pp.
645 4587 723 4625 num.
735 4569 816 4637 goth.
829 4571 859 4620 4υ
869 4571 936 4624 min.
949 4599 975 4608 -
985 4569 1053 4636 (Vis.
1073 4587 1110 4622 ox
1129 4568 1260 4623 biblioth.
1276 4570 1403 4622 univers.

159 4653 366 4726 Heidelberg).
376 4687 402 4697 -
