3352 5280
676 409 827 511 {XYH

175 605 236 675 40.
260 645 301 654 -
326 607 517 676 caramuel
540 611 579 674 et
599 606 818 690 Loblrowitz,
840 604 1003 671 Jonannes
1027 603 1077 683 (iu
1101 603 1269 688 Oetalogo
1297 624 1378 690 ope·

118 715 202 758 rum
220 713 361 758 suorum
376 691 598 758 Francofurti
613 692 791 779 publicato
809 699 845 756 et
864 713 883 754 a
902 689 1045 756 Vischio
1066 689 1240 775 exscripto
1261 689 1311 754 sic
1327 691 1378 756 lo·

119 777 278 867 quitur):
1060 863 1066 874 ·
1135 863 1140 874 Ι
1302 863 1308 875 .
1387 812 1390 818 ν

121 865 964 1035 ...admittltltttttffltt
979 864 1377 1038 {diffidatis

120 1040 277 1124 siugulis
303 1048 500 1124 occurrunt,
525 1062 614 1125 quae
641 1048 806 1128 poterunt
833 1041 968 1105 intento
995 1037 1171 1125 prodesse.
1202 1037 1270 1102 Sed
1296 1037 1378 1123 quia

122 1127 212 1192 dare
232 1127 307 1213 jam
328 1149 401 1192 non
423 1136 547 1214 potero
569 1127 795 1212 Bernardnm,
820 1127 956 1212 qualem
980 1124 1085 1208 volui,
1110 1124 1210 1208 dabo,
1239 1126 1377 1211 qualem

119 1237 187 1300 per
208 1221 347 1300 ternpus
367 1212 476 1296 licuit,
498 1222 534 1278 et
552 1215 689 1298 qualem
707 1215 868 1280 volebam
889 1211 1088 1301 explicabo;
1113 1211 1142 1276 si
1165 1210 1254 1277 forte
1278 1213 1376 1294 alius,

120 1311 186 1366 aut
211 1302 289 1386 Ego
314 1301 411 1384 alias,
433 1300 564 1387 possim
586 1301 679 1366 hunc
702 1302 857 1367 laborem
879 1300 1005 1366 subire.

178 1387 339 1453 Distinxi
359 1387 472 1474 Opera
493 1387 536 1452 D.
557 1388 725 1453 Bernardi
749 1388 785 1452 in
805 1386 1045 1474 Peragraphos
1070 1392 1104 1450 et
1127 1384 1273 1483 singulis
1296 1384 1376 1450 sub-

120 1474 253 1562 scripsi
273 1475 448 1540 Authores
465 1475 663 1540 Catholicos
687 1483 722 1540 et
736 1475 972 1556 Anatholieos,
996 1473 1056 1558 qui
1070 1471 1151 1538 illos
1168 1479 1327 1554 ertarunt,
1343 1481 1378 1536 et

122 1561 330 1628 eorumdem
345 1561 592 1647 Expositiones
608 1562 797 1648 recognovi
810 1569 845 1626 et
857 1563 899 1626 ad
915 1562 1032 1626 limam
1052 1559 1183 1640 reduxi,
1203 1558 1377 1624 laudando

121 1657 187 1712 aut
212 1647 455 1736 vituperando,
479 1671 566 1734 quae
591 1650 696 1734 digna
719 1649 929 1714 videbantur
952 1668 1106 1712 censura.
1134 1645 1264 1711 Addidi
1283 1645 1378 1710 Indi-

123 1757 195 1818 ces,
219 1735 502 1818 Grammaticum,
525 1735 707 1821 Logioum,
732 1735 931 1822 Physicum,
954 1733 1243 1821 Metaphysioum,
1267 1732 1378 1798 Theo·

122 1821 293 1907 logicum,
311 1823 534 1906 canonicum,
550 1823 724 1888 Medicum
739 1832 775 1888 et
790 1822 1068 1909 Scripturarium.
1081 1819 1259 1907 Apparavi
1274 1841 1377 1905 quam

124 1911 251 1992 multa,
268 1919 304 1974 et
323 1910 352 1974 si
368 1917 505 2008 tempus
525 1916 560 1974 et
575 1911 673 1995 quies
688 1911 838 1993 taveant,
859 1931 1031 1974 resumam
1049 1908 1185 1990 iterum,
1208 1929 1287 1972 cum
1305 1915 1377 1972 tae-

126 1996 187 2062 dio
205 2005 341 2080 tamen;
364 1997 449 2062 mihi
465 1995 557 2061 enim
572 1997 856 2062 molestissimum
874 2004 935 2080 est,
961 2019 1049 2080 quae
1069 1993 1192 2080 scripsi
1212 2000 1247 2058 et
1266 1993 1376 2080 perie-

124 2095 220 2167 runt,
236 2082 436 2167 rescribere,
455 2092 489 2148 et
506 2106 548 2148 ex
564 2091 662 2149 tanto
679 2091 847 2171 apparatu
862 2083 990 2171 perditi
1005 2090 1086 2147 sunt
1102 2080 1249 2148 Codices
1264 2080 1376 2167 multi,

125 2169 272 2236 Musaeo
296 2171 378 2235 hinc
400 2170 494 2253 illuc,
518 2177 621 2257 prout
643 2170 736 2236 bella
759 2177 957 2256 coegerunt,
983 2169 1183 2234 translat0“.

182 2257 281 2335 Quae
297 2257 358 2343 qui
373 2255 505 2342 legerit,
518 2258 679 2324 Jotannts
696 2258 895 2325 Garamantis
911 2265 946 2322 et
958 2257 1138 2323 Bortrondi
1160 2256 1280 2321 Tisaia·
1296 2277 1377 2321 oon-

126 2342 207 2408 silia
238 2343 326 2409 ado
353 2365 411 2409 era
434 2343 468 2408 S.
492 2344 662 2410 Beruardi
690 2345 886 2431 spectantia
907 2346 950 2409 ed
975 2343 1136 2409 effectum
1163 2362 1234 2406 uon
1256 2364 1377 2428 perve-

126 2429 222 2496 nisse
247 2367 395 2496 dolebit!
421 2439 520 2506 ivnon
541 2438 599 2496 197.
613 2471 636 2480 -
649 2439 713 2494 vie.
732 2439 871 2509 ninnogr.
889 2437 1029 2494 seruare.
1048 2439 1083 2493 N.
1102 2438 1174 2503 aaa).
1188 2466 1213 2476 -

182 2517 238 2586 41.
254 2557 290 2566 -
306 2517 546 2604 (chremem).
558 2519 615 2599 -l
641 2517 851 2584 Intercolares
874 2515 1100 2599 Occupationes
1118 2517 1297 2598 Relipiosae
1318 2516 1377 2582 Sn-

121 2607 267 2686 perioris
280 2627 318 2670 oc
329 2605 498 2690 Inferioris
513 2605 587 2670 sive
599 2605 781 2690 Requisita
797 2605 840 2669 ad
857 2604 1020 2669 socialem
1036 2603 1144 2668 vitam
1159 2602 1321 2689 religiose
1338 2625 1377 2668 ac

126 2689 232 2756 beate
255 2692 454 2757 vivendum.
476 2692 587 2758 Juxta
600 2692 773 2779 principia
795 2692 876 2757 Divi
892 2692 1066 2756 Bernordi.
1090 2690 1260 2771 Arbitror,
1284 2690 1377 2774 quod

129 2786 169 2842 tu
192 2777 255 2863 qui
278 2779 316 2844 iu
340 2779 610 2930 eonffiregatione
631 2803 677 2864 es,
700 2778 790 2844 bene
810 2778 910 2862 vivis,
935 2778 964 2842 si
983 2777 1074 2843 vivis
1093 2777 1271 2842 humiliter
1289 2776 1375 2859 Deo,

129 2864 371 2956 ordinabiliter
385 2873 413 2930 tr
440 2865 461 2949 i,
478 2865 692 2931 sociabiliter
706 2865 877 2953 proxima.
892 2904 918 2914 -
933 2867 979 2930 8⁰.
993 2875 1055 2932 358
1067 2888 1125 2952 pp.
1138 2903 1172 2916 ·-
1186 2872 1242 2939 (De
1262 2871 1376 2926 Becker

128 2958 168 3012 11.
187 2959 243 3014 aa.
262 2959 285 3015 1.
306 2960 394 3028 1220).
406 2991 433 3001 -

179 3047 215 3104 N.
236 3047 258 3101 1.
276 3047 337 3102 MS.
355 3047 424 3103 bibl.
442 3049 577 3119 publicae
594 3050 843 3120 Aquisgraneusis
856 3049 891 3104 P.
904 3049 1044 3104 Lamberti
1064 3049 1199 3104 Gnatae
1218 3048 1246 3104 S.
1258 3049 1296 3124 J„
1314 3054 1377 3106 nati

130 3150 155 3186 a
176 3131 254 3202 1669,
272 3135 399 3204 ingressi
417 3136 448 3188 in
467 3135 532 3190 Sco.
549 3137 577 3192 J.
597 3153 622 3190 a
643 3135 719 3208 1687,
737 3135 757 3208 †
775 3136 868 3190 XXII
884 3136 951 3191 Jau.
972 3134 1083 3190 1740.-

181 3211 239 3281 42.
250 3251 295 3262 -
309 3216 463 3300 (chiara.
475 3216 532 3299 —)
548 3215 761 3280 Meditoaioni
777 3217 812 3280 di
828 3215 862 3280 S.
882 3215 1061 3291 Bernorda
1082 3214 1234 3280 tradotte
1251 3215 1288 3280 iu
1308 3216 1378 3281 Ita·

130 3297 225 3366 liano
247 3322 310 3386 per
331 3302 433 3367 Frate
459 3302 571 3368 (iniero
594 3301 672 3366 dell’
694 3301 823 3367 Ordine
847 3303 881 3366 di
906 3302 1014 3368 Sento
1040 3301 1230 3367 Salvatore.
1254 3303 1327 3369 MS.
1343 3341 1378 3351 -

132 3395 285 3466 (Argelati,
303 3395 379 3452 Bibl.
398 3395 425 3450 d.
443 3395 606 3468 Volgarizz.
625 3397 649 3451 I.
669 3395 737 3466 145).
750 3429 777 3439 -

183 3473 240 3542 43.
253 3513 295 3522 —
308 3476 594 3544 claravallensis
617 3474 667 3560 (in
684 3473 812 3558 Gallia)
835 3475 975 3560 quidam
996 3475 1186 3541 monachus
1206 3498 1381 3562 anonymus

131 3567 221 3626 teste
237 3561 380 3626 Vischio
402 3564 459 3647 (ex
476 3559 620 3646 Seguini
644 3560 903 3646 ,Bibliotheca“
928 3584 1033 3627 mauu
1056 3562 1198 3650 scripta)
1223 3565 1379 3630 exaravit

132 3653 166 3710 et
187 3647 226 3712 in
242 3648 310 3712 vn
329 3648 437 3714 libros
459 3648 605 3732 digessit
622 3651 721 3713 vitam
742 3649 775 3713 S.
791 3649 966 3726 Benarni,
990 3669 1136 3733 quorum
1156 3650 1243 3717 duos
1263 3659 1379 3737 poste-

133 3732 241 3800 riores
263 3735 339 3815 ipee
363 3741 485 3800 auctor
508 3735 644 3800 Gallico
669 3757 826 3801 sermone
850 3736 1003 3801 donavit.
1017 3775 1043 3784 -
1057 3743 1158 3813 (visch
1178 3745 1265 3815 76).-

184 3821 240 3890 44.
264 3861 294 3870 -
308 3823 502 3906 Gonqanus
519 3823 724 3904 (monachus
741 3821 992 3907 cisterciensis,
1009 3822 1090 3888 dein
1107 3823 1267 3889 coenobii
1284 3823 1379 3890 Suri-

134 3909 224 3974 ensis
245 3908 366 3992 abbas)
386 3907 526 3995 scripsit
545 3910 750 3994 (secundum
770 3909 948 3974 Thaddaei
967 3910 1131 3996 Dowling
1147 3911 1302 3976 Annales
1317 3912 1380 3976 Hi·

134 3995 275 4061 berniae
293 3995 427 4071 Mssa:
452 3995 549 4061 Gesta
570 3997 602 4060 S.
623 3996 809 4076 Reueren-
828 4019 947 4060 verum
966 3997 1153 4082 legendum
1176 4005 1245 4062 eet:
1272 3999 1380 4065 Gesta

134 4083 327 4160 Malachiae,
343 4103 406 4168 pro
423 4081 457 4147 S.
469 4082 658 4166 Bernardo,
676 4083 705 4170 ej
712 4084 831 4148 usdem
847 4083 1026 4149 historiam
1042 4083 1224 4170 scripturo.
1239 4123 1264 4133 -
1278 4093 1379 4162 (visch

134 4177 174 4234 80.
190 4179 373 4248 -Waraeus,
392 4177 437 4232 De
456 4177 572 4248 Scriptt.
592 4179 659 4233 Hib.
678 4179 768 4246 56).-

185 4257 289 4326 45.-
299 4257 633 4339 corraduantvins
646 4255 847 4342 (Perusinus
861 4257 1016 4341 clericus,
1032 4257 1380 4344 fior.1606),metrioe

139 4344 339 4432 scripsit...
355 4343 481 4430 ,libros
499 4343 541 4407 de
559 4344 712 4420 Gerunda
720 4343 829 4427 fratre
846 4344 879 4408 S.
892 4345 1066 4422 Bernordn',
1083 4345 1230 4410 Abbatis
1244 4346 1380 4413 Clarae·

138 4431 310 4514 callensis,
323 4451 492 4497 converso
505 4431 548 4494 ad
562 4430 770 4494 Christuml.
783 4430 862 4515 (Qui
876 4439 990 4496 utrum
1002 4432 1161 4518 impressi
1172 4433 1303 4500 fuerint
1314 4459 1380 4502 uec

142 4539 189 4603 ue,
205 4519 375 4584 Oldoinus
392 4517 428 4582 in
447 4517 648 4602 ,Athenaeo
665 4519 859 4602 Angusto“,
875 4541 908 4604 p.
930 4529 999 4601 127,
1015 4541 1086 4586 non
1103 4520 1221 4606 addit).
1235 4559 1269 4570 -

186 4606 240 4674 le
264 4645 298 4652 -
326 4608 547 4674 Cristannus
572 4604 777 4684 (monachus
800 4605 1069 4691 Gampililiensis
1092 4606 1173 4671 Ord.
1189 4608 1333 4674 Cisterc.
1350 4631 1378 4673 c.

139 4691 237 4758 finem
253 4715 280 4758 e.
293 4693 413 4776 XIlllz
430 4691 560 4758 Lanrdns
575 4691 683 4758 bealae
694 4692 825 4758 Mariae
839 4692 982 4776 Virpinis
997 4693 1141 4758 haustae
1158 4717 1200 4760 ex
1217 4695 1380 4783 operibus
