<?xml version="1.0" encoding="UTF-8"?>
<!DOCTYPE html PUBLIC "-//W3C//DTD XHTML 1.0 Transitional//EN"
    "http://www.w3.org/TR/xhtml1/DTD/xhtml1-transitional.dtd">
<html xmlns="http://www.w3.org/1999/xhtml" xml:lang="en" lang="en">
 <head>
  <title>
</title>
<meta http-equiv="Content-Type" content="text/html;charset=utf-8" />
  <meta name='ocr-system' content='tesseract 3.04.00' />
  <meta name='ocr-capabilities' content='ocr_page ocr_carea ocr_par ocr_line ocrx_word'/>
</head>
<body>
  <div class='ocr_page' id='page_1' title='image "./bibliographiabe01janagoog_0097.png"; bbox 0 0 3352 5280; ppageno 0'>
   <div class='ocr_carea' id='block_1_1' title="bbox 286 565 1540 1162">
    <p class='ocr_par' dir='ltr' id='par_1_1' title="bbox 287 565 1540 812">
     <span class='ocr_line' id='line_1_1' title="bbox 287 565 1539 643; baseline 0.006 -23"><span class='ocrx_word' id='word_1_1' title='bbox 287 583 364 620; x_wconf 82' lang='lat' dir='ltr'><strong>enno</strong></span> <span class='ocrx_word' id='word_1_2' title='bbox 378 565 462 636; x_wconf 80' lang='lat'>„1493</span> <span class='ocrx_word' id='word_1_3' title='bbox 476 566 553 620; x_wconf 88' lang='lat' dir='ltr'><strong>inter</strong></span> <span class='ocrx_word' id='word_1_4' title='bbox 566 566 765 638; x_wconf 76' lang='lat' dir='ltr'>typographos</span> <span class='ocrx_word' id='word_1_5' title='bbox 778 566 930 622; x_wconf 76' lang='lat' dir='ltr'><strong>Romanos</strong></span> <span class='ocrx_word' id='word_1_6' title='bbox 944 567 1095 621; x_wconf 71' lang='lat' dir='ltr'><strong>occurrir‘.</strong></span> <span class='ocrx_word' id='word_1_7' title='bbox 1114 566 1172 623; x_wconf 85' lang='lat' dir='ltr'><strong>Sed</strong></span> <span class='ocrx_word' id='word_1_8' title='bbox 1187 567 1233 623; x_wconf 88' lang='lat' dir='ltr'><strong>his</strong></span> <span class='ocrx_word' id='word_1_9' title='bbox 1248 568 1333 625; x_wconf 82' lang='lat' dir='ltr'><strong>leotis</strong></span> <span class='ocrx_word' id='word_1_10' title='bbox 1348 588 1409 625; x_wconf 89' lang='lat' dir='ltr'><strong>nou</strong></span> <span class='ocrx_word' id='word_1_11' title='bbox 1425 571 1539 643; x_wconf 79' lang='lat' dir='ltr'><strong>injuste</strong></span> 
     </span>
     <span class='ocr_line' id='line_1_2' title="bbox 288 651 1540 730; baseline 0.006 -24"><span class='ocrx_word' id='word_1_12' title='bbox 288 655 463 724; x_wconf 72' lang='lat' dir='ltr'><strong>quaerimus,</strong></span> <span class='ocrx_word' id='word_1_13' title='bbox 476 651 546 724; x_wconf 89' lang='lat' dir='ltr'><strong>quid</strong></span> <span class='ocrx_word' id='word_1_14' title='bbox 557 652 643 708; x_wconf 82' lang='lat' dir='ltr'><strong>litere</strong></span> <span class='ocrx_word' id='word_1_15' title='bbox 655 653 670 708; x_wconf 93' lang='lat'>1</span> <span class='ocrx_word' id='word_1_16' title='bbox 684 651 848 724; x_wconf 85' lang='lat' dir='ltr'><strong>signifioet?</strong></span> <span class='ocrx_word' id='word_1_17' title='bbox 860 652 1000 709; x_wconf 86' lang='lat' dir='ltr'><strong>Continet</strong></span> <span class='ocrx_word' id='word_1_18' title='bbox 1012 659 1111 709; x_wconf 82' lang='lat' dir='ltr'><strong>eutem</strong></span> <span class='ocrx_word' id='word_1_19' title='bbox 1123 653 1198 710; x_wconf 86' lang='lat' dir='ltr'><strong>liber</strong></span> <span class='ocrx_word' id='word_1_20' title='bbox 1207 655 1259 711; x_wconf 90' lang='lat' dir='ltr'><strong>ille</strong></span> <span class='ocrx_word' id='word_1_21' title='bbox 1272 655 1375 712; x_wconf 86' lang='lat' dir='ltr'>XXIV</span> <span class='ocrx_word' id='word_1_22' title='bbox 1387 659 1540 730; x_wconf 65' lang='lat' dir='ltr'><strong>strophas,</strong></span> 
     </span>
     <span class='ocr_line' id='line_1_3' title="bbox 288 739 1023 812; baseline 0 -18"><span class='ocrx_word' id='word_1_23' title='bbox 288 755 362 810; x_wconf 83' lang='lat' dir='ltr'><strong>ques</strong></span> <span class='ocrx_word' id='word_1_24' title='bbox 380 739 449 794; x_wconf 82' lang='lat' dir='ltr'><strong>Iteii</strong></span> <span class='ocrx_word' id='word_1_25' title='bbox 468 741 623 812; x_wconf 78' lang='lat' dir='ltr'><strong>„octoves“</strong></span> <span class='ocrx_word' id='word_1_26' title='bbox 642 745 757 811; x_wconf 72' lang='lat' dir='ltr'><strong>vocent,</strong></span> <span class='ocrx_word' id='word_1_27' title='bbox 775 741 948 812; x_wconf 71' lang='lat' dir='ltr'><strong>incipientes</strong></span> <span class='ocrx_word' id='word_1_28' title='bbox 967 742 1023 795; x_wconf 88' lang='lat' dir='ltr'><strong>sio:</strong></span> 
     </span>
    </p>

    <p class='ocr_par' dir='ltr' id='par_1_2' title="bbox 546 827 1145 898">
     <span class='ocr_line' id='line_1_4' title="bbox 546 827 1145 898; baseline 0 -14"><span class='ocrx_word' id='word_1_29' title='bbox 546 827 672 884; x_wconf 82' lang='lat' dir='ltr'><strong>ANeude</strong></span> <span class='ocrx_word' id='word_1_30' title='bbox 689 828 802 884; x_wconf 90' lang='lat' dir='ltr'><strong>honore</strong></span> <span class='ocrx_word' id='word_1_31' title='bbox 819 828 914 898; x_wconf 80' lang='lat' dir='ltr'><strong>glorie</strong></span> <span class='ocrx_word' id='word_1_32' title='bbox 932 834 962 884; x_wconf 89' lang='lat' dir='ltr'><strong>et</strong></span> <span class='ocrx_word' id='word_1_33' title='bbox 978 831 1145 884; x_wconf 86' lang='lat' dir='ltr'><strong>reverentie</strong></span> 
     </span>
    </p>

    <p class='ocr_par' dir='ltr' id='par_1_3' title="bbox 547 915 1103 988">
     <span class='ocr_line' id='line_1_5' title="bbox 547 915 1103 988; baseline -0.002 -17"><span class='ocrx_word' id='word_1_34' title='bbox 547 917 591 971; x_wconf 83' lang='lat' dir='ltr'><strong>sio</strong></span> <span class='ocrx_word' id='word_1_35' title='bbox 610 915 638 970; x_wconf 88' lang='lat' dir='ltr'><strong>di</strong></span> <span class='ocrx_word' id='word_1_36' title='bbox 656 915 759 971; x_wconf 85' lang='lat' dir='ltr'><strong>Xristo</strong></span> <span class='ocrx_word' id='word_1_37' title='bbox 778 915 849 970; x_wconf 86' lang='lat' dir='ltr'><strong>Iesu</strong></span> <span class='ocrx_word' id='word_1_38' title='bbox 868 917 968 986; x_wconf 86' lang='lat' dir='ltr'><strong>signer</strong></span> <span class='ocrx_word' id='word_1_39' title='bbox 985 917 1103 988; x_wconf 83' lang='lat' dir='ltr'><strong>pietoso</strong></span> 
     </span>
    </p>

    <p class='ocr_par' dir='ltr' id='par_1_4' title="bbox 286 1003 1264 1162">
     <span class='ocr_line' id='line_1_6' title="bbox 546 1003 1264 1074; baseline 0 -16"><span class='ocrx_word' id='word_1_40' title='bbox 546 1003 599 1058; x_wconf 80' lang='lat' dir='ltr'><strong>ohe</strong></span> <span class='ocrx_word' id='word_1_41' title='bbox 615 1019 689 1057; x_wconf 87' lang='lat' dir='ltr'><strong>sono</strong></span> <span class='ocrx_word' id='word_1_42' title='bbox 705 1007 751 1057; x_wconf 90' lang='lat' dir='ltr'><strong>tre</strong></span> <span class='ocrx_word' id='word_1_43' title='bbox 765 1019 891 1074; x_wconf 88' lang='lat' dir='ltr'><strong>persone</strong></span> <span class='ocrx_word' id='word_1_44' title='bbox 906 1005 936 1057; x_wconf 89' lang='lat' dir='ltr'><strong>in</strong></span> <span class='ocrx_word' id='word_1_45' title='bbox 952 1021 1012 1057; x_wconf 85' lang='lat' dir='ltr'><strong>une</strong></span> <span class='ocrx_word' id='word_1_46' title='bbox 1028 1003 1159 1058; x_wconf 76' lang='lat' dir='ltr'><strong>essentia</strong></span> <span class='ocrx_word' id='word_1_47' title='bbox 1174 1008 1264 1058; x_wconf 87' lang='lat' dir='ltr'><strong>eto.-</strong></span> 
     </span>
     <span class='ocr_line' id='line_1_7' title="bbox 286 1088 1117 1162; baseline -0.002 -16"><span class='ocrx_word' id='word_1_48' title='bbox 286 1088 486 1162; x_wconf 82' lang='lat' dir='ltr'><strong>(Audiffredus</strong></span> <span class='ocrx_word' id='word_1_49' title='bbox 504 1089 688 1146; x_wconf 69' lang='lat' dir='ltr'><strong>rin-Han</strong></span> <span class='ocrx_word' id='word_1_50' title='bbox 706 1091 740 1146; x_wconf 89' lang='lat' dir='ltr'><strong>N.</strong></span> <span class='ocrx_word' id='word_1_51' title='bbox 753 1090 830 1147; x_wconf 75' lang='lat'>2114.</span> <span class='ocrx_word' id='word_1_52' title='bbox 840 1091 1025 1146; x_wconf 84' lang='lat' dir='ltr'><strong>-Zembrini</strong></span> <span class='ocrx_word' id='word_1_53' title='bbox 1041 1091 1077 1162; x_wconf 81' lang='lat' dir='ltr'><strong>t).</strong></span> <span class='ocrx_word' id='word_1_54' title='bbox 1090 1121 1117 1131; x_wconf 96' lang='lat'>-</span> 
     </span>
    </p>
   </div>
   <div class='ocr_carea' id='block_1_2' title="bbox 341 1284 1536 1524">
    <p class='ocr_par' dir='ltr' id='par_1_5' title="bbox 341 1284 1536 1524">
     <span class='ocr_line' id='line_1_8' title="bbox 828 1284 993 1352; baseline -0.018 0"><span class='ocrx_word' id='word_1_55' title='bbox 828 1284 867 1352; x_wconf 62' lang='lat' dir='ltr'>A</span> <span class='ocrx_word' id='word_1_56' title='bbox 888 1286 993 1352; x_wconf 83' lang='lat'>1493:</span> 
     </span>
     <span class='ocr_line' id='line_1_9' title="bbox 341 1439 1536 1524; baseline -0.003 -16"><span class='ocrx_word' id='word_1_57' title='bbox 341 1439 414 1508; x_wconf 81' lang='lat'><strong>139.</strong></span> <span class='ocrx_word' id='word_1_58' title='bbox 428 1480 470 1488; x_wconf 91' lang='lat'>-</span> <span class='ocrx_word' id='word_1_59' title='bbox 486 1441 553 1522; x_wconf 87' lang='lat' dir='ltr'><strong>(De</strong></span> <span class='ocrx_word' id='word_1_60' title='bbox 569 1441 836 1511; x_wconf 76' lang='lat' dir='ltr'><strong>concordantis</strong></span> <span class='ocrx_word' id='word_1_61' title='bbox 857 1445 1026 1510; x_wconf 86' lang='lat' dir='ltr'><strong>stetuum</strong></span> <span class='ocrx_word' id='word_1_62' title='bbox 1048 1442 1305 1524; x_wconf 75' lang='lat' dir='ltr'><strong>religiosorum</strong></span> <span class='ocrx_word' id='word_1_63' title='bbox 1326 1441 1466 1524; x_wconf 73' lang='lat' dir='ltr'><strong>aliaque.</strong></span> <span class='ocrx_word' id='word_1_64' title='bbox 1479 1439 1536 1518; x_wconf 71' lang='lat' dir='ltr'><strong>—i</strong></span> 
     </span>
    </p>
   </div>
   <div class='ocr_carea' id='block_1_3' title="bbox 285 1525 1537 2050">
    <p class='ocr_par' dir='ltr' id='par_1_6' title="bbox 286 1525 1537 1767">
     <span class='ocr_line' id='line_1_10' title="bbox 289 1525 1537 1614; baseline 0 -22"><span class='ocrx_word' id='word_1_65' title='bbox 289 1527 322 1592; x_wconf 87' lang='lat' dir='ltr'><strong>S.</strong></span> <span class='ocrx_word' id='word_1_66' title='bbox 346 1528 537 1594; x_wconf 67' lang='lat' dir='ltr'><strong>Bernartius</strong></span> <span class='ocrx_word' id='word_1_67' title='bbox 560 1528 602 1592; x_wconf 88' lang='lat' dir='ltr'><strong>de</strong></span> <span class='ocrx_word' id='word_1_68' title='bbox 629 1527 862 1593; x_wconf 78' lang='lat' dir='ltr'><strong>Concordantia</strong></span> <span class='ocrx_word' id='word_1_69' title='bbox 884 1533 1026 1594; x_wconf 75' lang='lat' dir='ltr'><strong>statuum</strong></span> <span class='ocrx_word' id='word_1_70' title='bbox 1047 1528 1265 1610; x_wconf 72' lang='lat' dir='ltr'><strong>religiosorum</strong></span> <span class='ocrx_word' id='word_1_71' title='bbox 1287 1525 1346 1612; x_wconf 89' lang='lat' dir='ltr'><strong>qui</strong></span> <span class='ocrx_word' id='word_1_72' title='bbox 1368 1549 1433 1614; x_wconf 92' lang='lat' dir='ltr'><strong>pro</strong></span> <span class='ocrx_word' id='word_1_73' title='bbox 1449 1535 1537 1592; x_wconf 90' lang='lat' dir='ltr'><strong>tem-</strong></span> 
     </span>
     <span class='ocr_line' id='line_1_11' title="bbox 286 1612 1537 1701; baseline -0.002 -20"><span class='ocrx_word' id='word_1_74' title='bbox 286 1636 371 1701; x_wconf 88' lang='lat' dir='ltr'><strong>pore</strong></span> <span class='ocrx_word' id='word_1_75' title='bbox 388 1636 451 1680; x_wconf 87' lang='lat' dir='ltr'><strong>suo</strong></span> <span class='ocrx_word' id='word_1_76' title='bbox 468 1621 576 1679; x_wconf 85' lang='lat' dir='ltr'><strong>erent.</strong></span> <span class='ocrx_word' id='word_1_77' title='bbox 590 1653 617 1662; x_wconf 93' lang='lat'><em>-</em></span> <span class='ocrx_word' id='word_1_78' title='bbox 633 1614 832 1680; x_wconf 87' lang='lat' dir='ltr'><strong>Bernerdus</strong></span> <span class='ocrx_word' id='word_1_79' title='bbox 855 1616 900 1679; x_wconf 79' lang='lat' dir='ltr'><strong>od</strong></span> <span class='ocrx_word' id='word_1_80' title='bbox 921 1615 1100 1698; x_wconf 69' lang='lat' dir='ltr'><strong>Eugenium</strong></span> <span class='ocrx_word' id='word_1_81' title='bbox 1116 1636 1250 1697; x_wconf 78' lang='lat' dir='ltr'><strong>papam.</strong></span> <span class='ocrx_word' id='word_1_82' title='bbox 1264 1653 1290 1662; x_wconf 86' lang='lat'>-</span> <span class='ocrx_word' id='word_1_83' title='bbox 1306 1612 1413 1678; x_wconf 88' lang='lat' dir='ltr'><strong>Liber</strong></span> <span class='ocrx_word' id='word_1_84' title='bbox 1435 1616 1537 1679; x_wconf 80' lang='lat' dir='ltr'><strong>medi-</strong></span> 
     </span>
     <span class='ocr_line' id='line_1_12' title="bbox 287 1700 783 1767; baseline 0 -3"><span class='ocrx_word' id='word_1_85' title='bbox 287 1703 440 1767; x_wconf 82' lang='lat' dir='ltr'><strong>tationum</strong></span> <span class='ocrx_word' id='word_1_86' title='bbox 456 1700 550 1766; x_wconf 84' lang='lat' dir='ltr'><strong>beati</strong></span> <span class='ocrx_word' id='word_1_87' title='bbox 564 1701 744 1766; x_wconf 84' lang='lat' dir='ltr'><strong>Bernerdi.</strong></span> <span class='ocrx_word' id='word_1_88' title='bbox 756 1740 783 1748; x_wconf 95' lang='lat'>-</span> 
     </span>
    </p>

    <p class='ocr_par' dir='ltr' id='par_1_7' title="bbox 285 1802 1535 2050">
     <span class='ocr_line' id='line_1_13' title="bbox 338 1802 1535 1876; baseline 0 -18"><span class='ocrx_word' id='word_1_89' title='bbox 338 1805 369 1858; x_wconf 82' lang='lat'><strong>8⁰</strong></span> <span class='ocrx_word' id='word_1_90' title='bbox 385 1806 454 1860; x_wconf 89' lang='lat' dir='ltr'><strong>min.</strong></span> <span class='ocrx_word' id='word_1_91' title='bbox 473 1805 517 1860; x_wconf 87' lang='lat' dir='ltr'><strong>eh.</strong></span> <span class='ocrx_word' id='word_1_92' title='bbox 535 1804 746 1876; x_wconf 82' lang='lat' dir='ltr'><strong>goth-(Tres</strong></span> <span class='ocrx_word' id='word_1_93' title='bbox 764 1811 916 1874; x_wconf 63' lang='lat' dir='ltr'><strong>tristatus,</strong></span> <span class='ocrx_word' id='word_1_94' title='bbox 934 1807 1069 1876; x_wconf 85' lang='lat' dir='ltr'><strong>impressi</strong></span> <span class='ocrx_word' id='word_1_95' title='bbox 1088 1803 1246 1874; x_wconf 72' lang='lat' dir='ltr'><strong>Rotomagi</strong></span> <span class='ocrx_word' id='word_1_96' title='bbox 1264 1821 1290 1859; x_wconf 82' lang='lat' dir='ltr'><strong>e.</strong></span> <span class='ocrx_word' id='word_1_97' title='bbox 1312 1802 1386 1872; x_wconf 76' lang='lat'>1493,</span> <span class='ocrx_word' id='word_1_98' title='bbox 1405 1821 1535 1875; x_wconf 87' lang='lat' dir='ltr'><strong>quorum</strong></span> 
     </span>
     <span class='ocr_line' id='line_1_14' title="bbox 286 1889 1535 1962; baseline -0.001 -17"><span class='ocrx_word' id='word_1_99' title='bbox 286 1890 343 1945; x_wconf 86' lang='lat' dir='ltr'><strong>duo</strong></span> <span class='ocrx_word' id='word_1_100' title='bbox 360 1892 474 1962; x_wconf 83' lang='lat' dir='ltr'><strong>insigne</strong></span> <span class='ocrx_word' id='word_1_101' title='bbox 487 1891 606 1946; x_wconf 78' lang='lat' dir='ltr'><strong>Martini</strong></span> <span class='ocrx_word' id='word_1_102' title='bbox 622 1891 717 1946; x_wconf 90' lang='lat' dir='ltr'><strong>Morin</strong></span> <span class='ocrx_word' id='word_1_103' title='bbox 731 1892 879 1962; x_wconf 79' lang='lat' dir='ltr'><strong>exhibent,</strong></span> <span class='ocrx_word' id='word_1_104' title='bbox 892 1891 1017 1946; x_wconf 76' lang='lat' dir='ltr'><strong>celebris</strong></span> <span class='ocrx_word' id='word_1_105' title='bbox 1033 1889 1209 1962; x_wconf 76' lang='lat' dir='ltr'><strong>typographi</strong></span> <span class='ocrx_word' id='word_1_106' title='bbox 1224 1889 1466 1960; x_wconf 81' lang='lat' dir='ltr'><strong>Retomegensis.</strong></span> <span class='ocrx_word' id='word_1_107' title='bbox 1486 1889 1535 1946; x_wconf 84' lang='lat' dir='ltr'><strong>Sic</strong></span> 
     </span>
     <span class='ocr_line' id='line_1_15' title="bbox 285 1977 1142 2050; baseline -0.001 -18"><span class='ocrx_word' id='word_1_108' title='bbox 285 1977 393 2049; x_wconf 89' lang='lat' dir='ltr'><strong>legitur</strong></span> <span class='ocrx_word' id='word_1_109' title='bbox 410 1980 455 2032; x_wconf 88' lang='lat' dir='ltr'><strong>in:</strong></span> <span class='ocrx_word' id='word_1_110' title='bbox 474 1977 550 2032; x_wconf 91' lang='lat' dir='ltr'><strong>Bull.</strong></span> <span class='ocrx_word' id='word_1_111' title='bbox 569 1977 608 2032; x_wconf 88' lang='lat' dir='ltr'><strong>du</strong></span> <span class='ocrx_word' id='word_1_112' title='bbox 627 1978 772 2050; x_wconf 88' lang='lat' dir='ltr'><strong>Bouquin.</strong></span> <span class='ocrx_word' id='word_1_113' title='bbox 790 1977 857 2032; x_wconf 88' lang='lat' dir='ltr'><strong>XX.</strong></span> <span class='ocrx_word' id='word_1_114' title='bbox 879 1979 953 2032; x_wconf 86' lang='lat'>1298.</span> <span class='ocrx_word' id='word_1_115' title='bbox 972 1978 1006 2032; x_wconf 92' lang='lat' dir='ltr'><strong>N.</strong></span> <span class='ocrx_word' id='word_1_116' title='bbox 1019 1978 1142 2048; x_wconf 78' lang='lat'>8814).-</span> 
     </span>
    </p>
   </div>
   <div class='ocr_carea' id='block_1_4' title="bbox 283 2125 1535 3170">
    <p class='ocr_par' dir='ltr' id='par_1_8' title="bbox 284 2125 1535 2734">
     <span class='ocr_line' id='line_1_16' title="bbox 342 2125 1535 2213; baseline -0.002 -19"><span class='ocrx_word' id='word_1_117' title='bbox 342 2126 413 2196; x_wconf 86' lang='lat'>140.</span> <span class='ocrx_word' id='word_1_118' title='bbox 425 2167 466 2174; x_wconf 92' lang='lat'><em>-</em></span> <span class='ocrx_word' id='word_1_119' title='bbox 482 2128 547 2210; x_wconf 84' lang='lat' dir='ltr'><strong>(De</strong></span> <span class='ocrx_word' id='word_1_120' title='bbox 564 2128 783 2213; x_wconf 79' lang='lat' dir='ltr'><strong>contemptu</strong></span> <span class='ocrx_word' id='word_1_121' title='bbox 798 2128 932 2196; x_wconf 83' lang='lat' dir='ltr'><strong>mundi.</strong></span> <span class='ocrx_word' id='word_1_122' title='bbox 943 2127 998 2211; x_wconf 80' lang='lat'><strong>—)</strong></span> <span class='ocrx_word' id='word_1_123' title='bbox 1021 2126 1050 2191; x_wconf 99' lang='lat' dir='ltr'><strong>F</strong></span> <span class='ocrx_word' id='word_1_124' title='bbox 1066 2138 1081 2190; x_wconf 87' lang='lat'>1</span> <span class='ocrx_word' id='word_1_125' title='bbox 1100 2125 1184 2191; x_wconf 80' lang='lat' dir='ltr'><strong>Tit:</strong></span> <span class='ocrx_word' id='word_1_126' title='bbox 1201 2127 1392 2192; x_wconf 78' lang='lat' dir='ltr'><strong>Bornordos</strong></span> <span class='ocrx_word' id='word_1_127' title='bbox 1407 2128 1447 2191; x_wconf 82' lang='lat' dir='ltr'><strong>de</strong></span> <span class='ocrx_word' id='word_1_128' title='bbox 1461 2151 1535 2192; x_wconf 82' lang='lat' dir='ltr'><strong>con-</strong></span> 
     </span>
     <span class='ocr_line' id='line_1_17' title="bbox 286 2212 1534 2300; baseline 0.002 -23"><span class='ocrx_word' id='word_1_129' title='bbox 286 2219 404 2298; x_wconf 80' lang='lat' dir='ltr'><strong>tempto</strong></span> <span class='ocrx_word' id='word_1_130' title='bbox 419 2215 456 2300; x_wconf 74' lang='lat' dir='ltr'><strong>(it</strong></span> <span class='ocrx_word' id='word_1_131' title='bbox 472 2215 584 2278; x_wconf 81' lang='lat' dir='ltr'><strong>mnndi</strong></span> <span class='ocrx_word' id='word_1_132' title='bbox 607 2219 634 2278; x_wconf 82' lang='lat' dir='ltr'><strong>et</strong></span> <span class='ocrx_word' id='word_1_133' title='bbox 657 2217 799 2295; x_wconf 79' lang='lat' dir='ltr'><strong>appetitu</strong></span> <span class='ocrx_word' id='word_1_134' title='bbox 821 2237 916 2294; x_wconf 79' lang='lat' dir='ltr'><strong>super</strong></span> <span class='ocrx_word' id='word_1_135' title='bbox 940 2213 1096 2278; x_wconf 76' lang='lat' dir='ltr'><strong>celestium</strong></span> <span class='ocrx_word' id='word_1_136' title='bbox 1111 2215 1262 2278; x_wconf 80' lang='lat' dir='ltr'><strong>tonorum</strong></span> <span class='ocrx_word' id='word_1_137' title='bbox 1277 2212 1435 2277; x_wconf 86' lang='lat' dir='ltr'><strong>versibus</strong></span> <span class='ocrx_word' id='word_1_138' title='bbox 1450 2236 1534 2279; x_wconf 83' lang='lat' dir='ltr'><strong>oon-</strong></span> 
     </span>
     <span class='ocr_line' id='line_1_18' title="bbox 285 2299 1533 2387; baseline 0.002 -23"><span class='ocrx_word' id='word_1_139' title='bbox 285 2301 434 2387; x_wconf 80' lang='lat' dir='ltr'><strong>scriptus</strong></span> <span class='ocrx_word' id='word_1_140' title='bbox 443 2300 661 2365; x_wconf 82' lang='lat' dir='ltr'><strong>hexametris.</strong></span> <span class='ocrx_word' id='word_1_141' title='bbox 675 2301 703 2363; x_wconf 86' lang='lat' dir='ltr'><strong>F</strong></span> <span class='ocrx_word' id='word_1_142' title='bbox 714 2313 749 2364; x_wconf 78' lang='lat'><strong>2:</strong></span> <span class='ocrx_word' id='word_1_143' title='bbox 765 2299 1105 2366; x_wconf 80' lang='lat' dir='ltr'><strong>Gertuienostretibi</strong></span> <span class='ocrx_word' id='word_1_144' title='bbox 1115 2299 1391 2364; x_wconf 83' lang='lat' dir='ltr'><strong>mendetdileote</strong></span> <span class='ocrx_word' id='word_1_145' title='bbox 1401 2301 1533 2366; x_wconf 74' lang='lat' dir='ltr'><strong>salutes</strong></span> 
     </span>
     <span class='ocr_line' id='line_1_19' title="bbox 285 2386 1533 2472; baseline 0.003 -22"><span class='ocrx_word' id='word_1_146' title='bbox 285 2389 389 2472; x_wconf 75' lang='lat' dir='ltr'><strong>(ete).</strong></span> <span class='ocrx_word' id='word_1_147' title='bbox 406 2389 449 2452; x_wconf 91' lang='lat' dir='ltr'><strong>In</strong></span> <span class='ocrx_word' id='word_1_148' title='bbox 462 2389 540 2470; x_wconf 87' lang='lat' dir='ltr'><strong>fine,</strong></span> <span class='ocrx_word' id='word_1_149' title='bbox 557 2388 701 2452; x_wconf 80' lang='lat' dir='ltr'><strong>Fllvoz</strong></span> <span class='ocrx_word' id='word_1_150' title='bbox 718 2388 795 2452; x_wconf 83' lang='lat' dir='ltr'><strong>Hoc</strong></span> <span class='ocrx_word' id='word_1_151' title='bbox 811 2387 875 2451; x_wconf 90' lang='lat' dir='ltr'><strong>tibi</strong></span> <span class='ocrx_word' id='word_1_152' title='bbox 899 2389 959 2451; x_wconf 79' lang='lat' dir='ltr'><strong>dat</strong></span> <span class='ocrx_word' id='word_1_153' title='bbox 982 2410 1106 2452; x_wconf 82' lang='lat' dir='ltr'><strong>munus</strong></span> <span class='ocrx_word' id='word_1_154' title='bbox 1130 2386 1189 2472; x_wconf 88' lang='lat' dir='ltr'><strong>qui</strong></span> <span class='ocrx_word' id='word_1_155' title='bbox 1212 2395 1336 2472; x_wconf 85' lang='lat' dir='ltr'><strong>regnet</strong></span> <span class='ocrx_word' id='word_1_156' title='bbox 1359 2387 1471 2452; x_wconf 89' lang='lat' dir='ltr'><strong>trinus</strong></span> <span class='ocrx_word' id='word_1_157' title='bbox 1497 2400 1533 2454; x_wconf 88' lang='lat' dir='ltr'><strong>et</strong></span> 
     </span>
     <span class='ocr_line' id='line_1_20' title="bbox 284 2473 1531 2560; baseline 0.001 -22"><span class='ocrx_word' id='word_1_158' title='bbox 284 2497 384 2540; x_wconf 87' lang='lat' dir='ltr'><strong>unus.</strong></span> <span class='ocrx_word' id='word_1_159' title='bbox 400 2475 523 2540; x_wconf 89' lang='lat' dir='ltr'><strong>Amen.</strong></span> <span class='ocrx_word' id='word_1_160' title='bbox 540 2474 636 2538; x_wconf 84' lang='lat' dir='ltr'><strong>Finit</strong></span> <span class='ocrx_word' id='word_1_161' title='bbox 651 2475 850 2539; x_wconf 82' lang='lat' dir='ltr'><strong>Bernerdus</strong></span> <span class='ocrx_word' id='word_1_162' title='bbox 873 2474 916 2538; x_wconf 89' lang='lat' dir='ltr'><strong>de</strong></span> <span class='ocrx_word' id='word_1_163' title='bbox 941 2482 1144 2560; x_wconf 76' lang='lat' dir='ltr'><strong>contemptu</strong></span> <span class='ocrx_word' id='word_1_164' title='bbox 1166 2473 1285 2538; x_wconf 89' lang='lat' dir='ltr'><strong>mundi</strong></span> <span class='ocrx_word' id='word_1_165' title='bbox 1310 2483 1345 2538; x_wconf 92' lang='lat' dir='ltr'><strong>et</strong></span> <span class='ocrx_word' id='word_1_166' title='bbox 1368 2475 1531 2560; x_wconf 83' lang='lat' dir='ltr'><strong>appetitu</strong></span> 
     </span>
     <span class='ocr_line' id='line_1_21' title="bbox 285 2561 1531 2648; baseline 0.002 -24"><span class='ocrx_word' id='word_1_167' title='bbox 285 2561 569 2648; x_wconf 81' lang='lat' dir='ltr'><strong>supercelestium</strong></span> <span class='ocrx_word' id='word_1_168' title='bbox 591 2561 771 2626; x_wconf 84' lang='lat' dir='ltr'><strong>bonorum.</strong></span> <span class='ocrx_word' id='word_1_169' title='bbox 796 2562 1005 2647; x_wconf 81' lang='lat' dir='ltr'><strong>impressum</strong></span> <span class='ocrx_word' id='word_1_170' title='bbox 1022 2562 1059 2646; x_wconf 77' lang='lat' dir='ltr'><strong>(i)</strong></span> <span class='ocrx_word' id='word_1_171' title='bbox 1075 2561 1236 2646; x_wconf 83' lang='lat' dir='ltr'><strong>Lyptzoh</strong></span> <span class='ocrx_word' id='word_1_172' title='bbox 1255 2583 1318 2647; x_wconf 90' lang='lat' dir='ltr'><strong>per</strong></span> <span class='ocrx_word' id='word_1_173' title='bbox 1332 2561 1531 2627; x_wconf 81' lang='lat' dir='ltr'><strong>Arnoldum</strong></span> 
     </span>
     <span class='ocr_line' id='line_1_22' title="bbox 285 2645 1528 2734; baseline 0.002 -23"><span class='ocrx_word' id='word_1_174' title='bbox 285 2649 327 2712; x_wconf 93' lang='lat' dir='ltr'><strong>de</strong></span> <span class='ocrx_word' id='word_1_175' title='bbox 345 2648 491 2714; x_wconf 80' lang='lat' dir='ltr'><strong>Colonia</strong></span> <span class='ocrx_word' id='word_1_176' title='bbox 504 2649 607 2713; x_wconf 88' lang='lat' dir='ltr'><strong>Anno</strong></span> <span class='ocrx_word' id='word_1_177' title='bbox 630 2647 740 2732; x_wconf 85' lang='lat' dir='ltr'><strong>gretie</strong></span> <span class='ocrx_word' id='word_1_178' title='bbox 764 2646 1018 2734; x_wconf 81' lang='lat' dir='ltr'><strong>M.eeoe.xoiij</strong></span> <span class='ocrx_word' id='word_1_179' title='bbox 1031 2645 1164 2712; x_wconf 79' lang='lat' dir='ltr'><strong>,Pridie</strong></span> <span class='ocrx_word' id='word_1_180' title='bbox 1187 2668 1297 2712; x_wconf 83' lang='lat' dir='ltr'><strong>nones</strong></span> <span class='ocrx_word' id='word_1_181' title='bbox 1321 2648 1489 2713; x_wconf 77' lang='lat' dir='ltr'><strong>octobris</strong></span> <span class='ocrx_word' id='word_1_182' title='bbox 1501 2687 1528 2696; x_wconf 92' lang='lat'><em>-</em></span> 
     </span>
    </p>

    <p class='ocr_par' dir='ltr' id='par_1_9' title="bbox 283 2749 1534 3170">
     <span class='ocr_line' id='line_1_23' title="bbox 335 2749 1530 2821; baseline 0.002 -17"><span class='ocrx_word' id='word_1_183' title='bbox 335 2751 372 2807; x_wconf 81' lang='lat'><strong>4⁰.</strong></span> <span class='ocrx_word' id='word_1_184' title='bbox 394 2751 423 2804; x_wconf 92' lang='lat'><strong>11</strong></span> <span class='ocrx_word' id='word_1_185' title='bbox 435 2751 464 2805; x_wconf 85' lang='lat' dir='ltr'><strong>ff.</strong></span> <span class='ocrx_word' id='word_1_186' title='bbox 486 2751 565 2805; x_wconf 84' lang='lat'>1911.</span> <span class='ocrx_word' id='word_1_187' title='bbox 585 2768 651 2806; x_wconf 89' lang='lat' dir='ltr'><strong>oum</strong></span> <span class='ocrx_word' id='word_1_188' title='bbox 670 2752 752 2820; x_wconf 78' lang='lat' dir='ltr'><strong>sign,</strong></span> <span class='ocrx_word' id='word_1_189' title='bbox 775 2753 838 2804; x_wconf 88' lang='lat' dir='ltr'><strong>sine</strong></span> <span class='ocrx_word' id='word_1_190' title='bbox 861 2757 934 2806; x_wconf 84' lang='lat' dir='ltr'><strong>eust.</strong></span> <span class='ocrx_word' id='word_1_191' title='bbox 958 2758 989 2806; x_wconf 88' lang='lat' dir='ltr'><strong>et</strong></span> <span class='ocrx_word' id='word_1_192' title='bbox 1010 2770 1055 2821; x_wconf 93' lang='lat' dir='ltr'><strong>pp.</strong></span> <span class='ocrx_word' id='word_1_193' title='bbox 1075 2770 1102 2804; x_wconf 91' lang='lat' dir='ltr'><strong>n.</strong></span> <span class='ocrx_word' id='word_1_194' title='bbox 1115 2783 1141 2791; x_wconf 99' lang='lat'>-</span> <span class='ocrx_word' id='word_1_195' title='bbox 1154 2751 1264 2820; x_wconf 80' lang='lat' dir='ltr'><strong>(Brenn</strong></span> <span class='ocrx_word' id='word_1_196' title='bbox 1282 2749 1321 2806; x_wconf 86' lang='lat'><strong>11.</strong></span> <span class='ocrx_word' id='word_1_197' title='bbox 1340 2751 1400 2806; x_wconf 75' lang='lat'><strong>246.</strong></span> <span class='ocrx_word' id='word_1_198' title='bbox 1413 2751 1530 2806; x_wconf 79' lang='lat' dir='ltr'><strong>-Hein</strong></span> 
     </span>
     <span class='ocr_line' id='line_1_24' title="bbox 284 2837 1534 2908; baseline 0 -16"><span class='ocrx_word' id='word_1_199' title='bbox 284 2839 318 2892; x_wconf 90' lang='lat' dir='ltr'><strong>N.</strong></span> <span class='ocrx_word' id='word_1_200' title='bbox 335 2837 624 2908; x_wconf 78' lang='lat' dir='ltr'><strong>2904.-Hirsohing,</strong></span> <span class='ocrx_word' id='word_1_201' title='bbox 647 2837 720 2892; x_wconf 89' lang='lat' dir='ltr'><strong>Bibl.</strong></span> <span class='ocrx_word' id='word_1_202' title='bbox 739 2837 778 2893; x_wconf 88' lang='lat'><strong>11.</strong></span> <span class='ocrx_word' id='word_1_203' title='bbox 797 2837 980 2892; x_wconf 77' lang='lat' dir='ltr'><strong>217.-Hist.</strong></span> <span class='ocrx_word' id='word_1_204' title='bbox 1001 2839 1071 2894; x_wconf 86' lang='lat' dir='ltr'><strong>Litt.</strong></span> <span class='ocrx_word' id='word_1_205' title='bbox 1094 2839 1130 2894; x_wconf 88' lang='lat' dir='ltr'><strong>de</strong></span> <span class='ocrx_word' id='word_1_206' title='bbox 1151 2837 1181 2892; x_wconf 82' lang='lat' dir='ltr'><strong>la</strong></span> <span class='ocrx_word' id='word_1_207' title='bbox 1197 2838 1310 2893; x_wconf 83' lang='lat' dir='ltr'><strong>Frsnoe</strong></span> <span class='ocrx_word' id='word_1_208' title='bbox 1329 2837 1414 2893; x_wconf 88' lang='lat' dir='ltr'>XIII.</span> <span class='ocrx_word' id='word_1_209' title='bbox 1434 2839 1534 2894; x_wconf 78' lang='lat'>224.-</span> 
     </span>
     <span class='ocr_line' id='line_1_25' title="bbox 284 2924 1531 2997; baseline 0.001 -18"><span class='ocrx_word' id='word_1_210' title='bbox 284 2925 374 2980; x_wconf 88' lang='lat' dir='ltr'><strong>Leioh</strong></span> <span class='ocrx_word' id='word_1_211' title='bbox 393 2925 435 2980; x_wconf 73' lang='lat'><strong>67.</strong></span> <span class='ocrx_word' id='word_1_212' title='bbox 447 2956 473 2966; x_wconf 91' lang='lat'><em>—</em></span> <span class='ocrx_word' id='word_1_213' title='bbox 486 2925 633 2979; x_wconf 82' lang='lat' dir='ltr'><strong>Meittnire</strong></span> <span class='ocrx_word' id='word_1_214' title='bbox 650 2925 683 2978; x_wconf 87' lang='lat' dir='ltr'><strong>V.</strong></span> <span class='ocrx_word' id='word_1_215' title='bbox 702 2924 729 2980; x_wconf 95' lang='lat' dir='ltr'><strong>b.</strong></span> <span class='ocrx_word' id='word_1_216' title='bbox 748 2925 807 2978; x_wconf 80' lang='lat'><strong>503.</strong></span> <span class='ocrx_word' id='word_1_217' title='bbox 820 2957 846 2966; x_wconf 91' lang='lat'>—</span> <span class='ocrx_word' id='word_1_218' title='bbox 858 2925 976 2997; x_wconf 86' lang='lat' dir='ltr'><strong>Mylius‚</strong></span> <span class='ocrx_word' id='word_1_219' title='bbox 996 2924 1058 2981; x_wconf 85' lang='lat' dir='ltr'><strong>Cet.</strong></span> <span class='ocrx_word' id='word_1_220' title='bbox 1077 2925 1152 2980; x_wconf 90' lang='lat' dir='ltr'><strong>Bibl.</strong></span> <span class='ocrx_word' id='word_1_221' title='bbox 1169 2925 1189 2981; x_wconf 86' lang='lat' dir='ltr'>J</span> <span class='ocrx_word' id='word_1_222' title='bbox 1191 2943 1236 2980; x_wconf 88' lang='lat' dir='ltr'><strong>en.</strong></span> <span class='ocrx_word' id='word_1_223' title='bbox 1254 2924 1277 2981; x_wconf 87' lang='lat' dir='ltr'><strong>I.</strong></span> <span class='ocrx_word' id='word_1_224' title='bbox 1298 2926 1355 2981; x_wconf 80' lang='grc'>168,</span> <span class='ocrx_word' id='word_1_225' title='bbox 1368 2955 1396 2966; x_wconf 91' lang='lat'>-</span> <span class='ocrx_word' id='word_1_226' title='bbox 1407 2925 1531 2996; x_wconf 69' lang='lat' dir='ltr'><strong>Penzen</strong></span> 
     </span>
     <span class='ocr_line' id='line_1_26' title="bbox 284 3011 1530 3084; baseline 0.002 -18"><span class='ocrx_word' id='word_1_227' title='bbox 284 3013 358 3068; x_wconf 85' lang='lat' dir='ltr'><strong>Anu.</strong></span> <span class='ocrx_word' id='word_1_228' title='bbox 372 3017 432 3084; x_wconf 88' lang='lat' dir='ltr'><strong>typ.</strong></span> <span class='ocrx_word' id='word_1_229' title='bbox 445 3012 469 3066; x_wconf 94' lang='lat' dir='ltr'><strong>I.</strong></span> <span class='ocrx_word' id='word_1_230' title='bbox 481 3012 541 3066; x_wconf 76' lang='lat'><strong>478.</strong></span> <span class='ocrx_word' id='word_1_231' title='bbox 553 3011 588 3067; x_wconf 89' lang='lat' dir='ltr'><strong>N.</strong></span> <span class='ocrx_word' id='word_1_232' title='bbox 601 3011 984 3082; x_wconf 72' lang='lat' dir='ltr'><strong>52.-80hwarz,13ibu0th.</strong></span> <span class='ocrx_word' id='word_1_233' title='bbox 997 3011 1035 3067; x_wconf 90' lang='lat'><strong>11.</strong></span> <span class='ocrx_word' id='word_1_234' title='bbox 1049 3013 1108 3067; x_wconf 79' lang='lat'><strong>229.</strong></span> <span class='ocrx_word' id='word_1_235' title='bbox 1121 3011 1156 3066; x_wconf 91' lang='lat' dir='ltr'><strong>N.</strong></span> <span class='ocrx_word' id='word_1_236' title='bbox 1169 3013 1228 3067; x_wconf 75' lang='lat'><strong>565,</strong></span> <span class='ocrx_word' id='word_1_237' title='bbox 1239 3043 1266 3052; x_wconf 93' lang='lat'><em>-</em></span> <span class='ocrx_word' id='word_1_238' title='bbox 1280 3011 1334 3068; x_wconf 68' lang='lat' dir='ltr'><strong>Vt.</strong></span> <span class='ocrx_word' id='word_1_239' title='bbox 1347 3031 1384 3066; x_wconf 83' lang='lat' dir='ltr'><strong>ex</strong></span> <span class='ocrx_word' id='word_1_240' title='bbox 1396 3013 1530 3068; x_wconf 85' lang='lat' dir='ltr'><strong>biblioth</strong></span> 
     </span>
     <span class='ocr_line' id='line_1_27' title="bbox 283 3099 559 3170; baseline 0 -16"><span class='ocrx_word' id='word_1_241' title='bbox 283 3099 371 3170; x_wconf 85' lang='lat' dir='ltr'><strong>pelet.</strong></span> <span class='ocrx_word' id='word_1_242' title='bbox 390 3099 559 3170; x_wconf 80' lang='lat' dir='ltr'><strong>Moneo).-</strong></span> 
     </span>
    </p>
   </div>
   <div class='ocr_carea' id='block_1_5' title="bbox 282 3247 1530 4637">
    <p class='ocr_par' dir='ltr' id='par_1_10' title="bbox 282 3247 1530 4637">
     <span class='ocr_line' id='line_1_28' title="bbox 339 3247 1529 3334; baseline -0.003 -19"><span class='ocrx_word' id='word_1_243' title='bbox 339 3247 650 3329; x_wconf 79' lang='lat' dir='ltr'><strong>141.—(1mitati0</strong></span> <span class='ocrx_word' id='word_1_244' title='bbox 667 3248 814 3331; x_wconf 85' lang='lat' dir='ltr'><strong>Christi,</strong></span> <span class='ocrx_word' id='word_1_245' title='bbox 828 3249 908 3332; x_wconf 85' lang='lat' dir='ltr'><strong>gell.</strong></span> <span class='ocrx_word' id='word_1_246' title='bbox 919 3251 974 3332; x_wconf 82' lang='lat'><strong>-)</strong></span> <span class='ocrx_word' id='word_1_247' title='bbox 991 3249 1019 3312; x_wconf 89' lang='lat' dir='ltr'><strong>F</strong></span> <span class='ocrx_word' id='word_1_248' title='bbox 1036 3259 1070 3313; x_wconf 92' lang='lat'><strong>1:</strong></span> <span class='ocrx_word' id='word_1_249' title='bbox 1088 3249 1140 3334; x_wconf 85' lang='lat' dir='ltr'><strong>Gy</strong></span> <span class='ocrx_word' id='word_1_250' title='bbox 1157 3271 1356 3314; x_wconf 81' lang='lat' dir='ltr'><strong>commenee</strong></span> <span class='ocrx_word' id='word_1_251' title='bbox 1372 3248 1406 3313; x_wconf 91' lang='lat' dir='ltr'><strong>le</strong></span> <span class='ocrx_word' id='word_1_252' title='bbox 1422 3247 1529 3314; x_wconf 90' lang='lat' dir='ltr'><strong>Liure</strong></span> 
     </span>
     <span class='ocr_line' id='line_1_29' title="bbox 284 3333 1530 3422; baseline 0.002 -25"><span class='ocrx_word' id='word_1_253' title='bbox 284 3333 521 3399; x_wconf 83' lang='lat' dir='ltr'><strong>trosseluteire</strong></span> <span class='ocrx_word' id='word_1_254' title='bbox 537 3334 681 3399; x_wconf 88' lang='lat' dir='ltr'><strong>lntitule</strong></span> <span class='ocrx_word' id='word_1_255' title='bbox 701 3335 751 3398; x_wconf 89' lang='lat' dir='ltr'><strong>De</strong></span> <span class='ocrx_word' id='word_1_256' title='bbox 768 3337 939 3400; x_wconf 80' lang='lat' dir='ltr'><strong>limitation</strong></span> <span class='ocrx_word' id='word_1_257' title='bbox 954 3342 1057 3401; x_wconf 82' lang='lat' dir='ltr'><strong>nostre</strong></span> <span class='ocrx_word' id='word_1_258' title='bbox 1072 3338 1216 3418; x_wconf 68' lang='lat' dir='ltr'><strong>eripimur</strong></span> <span class='ocrx_word' id='word_1_259' title='bbox 1230 3336 1387 3401; x_wconf 73' lang='lat' dir='ltr'><strong>Jesnuist</strong></span> <span class='ocrx_word' id='word_1_260' title='bbox 1404 3343 1439 3399; x_wconf 90' lang='lat' dir='ltr'><strong>et</strong></span> <span class='ocrx_word' id='word_1_261' title='bbox 1454 3358 1530 3422; x_wconf 91' lang='lat' dir='ltr'><strong>per-</strong></span> 
     </span>
     <span class='ocr_line' id='line_1_30' title="bbox 284 3419 1530 3508; baseline 0.002 -24"><span class='ocrx_word' id='word_1_262' title='bbox 284 3419 370 3485; x_wconf 83' lang='lat' dir='ltr'><strong>feiot</strong></span> <span class='ocrx_word' id='word_1_263' title='bbox 387 3429 689 3508; x_wconf 83' lang='lat' dir='ltr'><strong>contempnement</strong></span> <span class='ocrx_word' id='word_1_264' title='bbox 706 3423 747 3485; x_wconf 91' lang='lat' dir='ltr'><strong>de</strong></span> <span class='ocrx_word' id='word_1_265' title='bbox 766 3445 804 3486; x_wconf 91' lang='lat' dir='ltr'><strong>oe</strong></span> <span class='ocrx_word' id='word_1_266' title='bbox 826 3430 967 3507; x_wconf 88' lang='lat' dir='ltr'><strong>present</strong></span> <span class='ocrx_word' id='word_1_267' title='bbox 988 3421 1170 3486; x_wconf 79' lang='lat' dir='ltr'><strong>miserebis</strong></span> <span class='ocrx_word' id='word_1_268' title='bbox 1194 3422 1329 3487; x_wconf 89' lang='lat' dir='ltr'><strong>monde.</strong></span> <span class='ocrx_word' id='word_1_269' title='bbox 1352 3422 1487 3506; x_wconf 88' lang='lat' dir='ltr'><strong>Lequel</strong></span> <span class='ocrx_word' id='word_1_270' title='bbox 1510 3445 1530 3487; x_wconf 85' lang='lat' dir='ltr'><strong>e</strong></span> 
     </span>
     <span class='ocr_line' id='line_1_31' title="bbox 285 3508 1530 3594; baseline 0.002 -23"><span class='ocrx_word' id='word_1_271' title='bbox 285 3515 358 3572; x_wconf 89' lang='lat' dir='ltr'><strong>este</strong></span> <span class='ocrx_word' id='word_1_272' title='bbox 375 3531 437 3594; x_wconf 87' lang='lat' dir='ltr'><strong>per</strong></span> <span class='ocrx_word' id='word_1_273' title='bbox 451 3531 581 3573; x_wconf 75' lang='lat' dir='ltr'><strong>sununs</strong></span> <span class='ocrx_word' id='word_1_274' title='bbox 597 3508 737 3594; x_wconf 85' lang='lat' dir='ltr'><strong>iusques</strong></span> <span class='ocrx_word' id='word_1_275' title='bbox 755 3533 774 3572; x_wconf 80' lang='lat' dir='ltr'><strong>e</strong></span> <span class='ocrx_word' id='word_1_276' title='bbox 789 3516 930 3594; x_wconf 88' lang='lat' dir='ltr'><strong>present</strong></span> <span class='ocrx_word' id='word_1_277' title='bbox 944 3511 1081 3574; x_wconf 79' lang='lat' dir='ltr'><strong>attribue</strong></span> <span class='ocrx_word' id='word_1_278' title='bbox 1092 3533 1113 3574; x_wconf 88' lang='lat' dir='ltr'><strong>o</strong></span> <span class='ocrx_word' id='word_1_279' title='bbox 1125 3511 1211 3575; x_wconf 80' lang='lat' dir='ltr'><strong>saint</strong></span> <span class='ocrx_word' id='word_1_280' title='bbox 1223 3510 1376 3574; x_wconf 75' lang='lat' dir='ltr'><strong>Bornord</strong></span> <span class='ocrx_word' id='word_1_281' title='bbox 1388 3531 1433 3574; x_wconf 93' lang='lat' dir='ltr'><strong>ou</strong></span> <span class='ocrx_word' id='word_1_282' title='bbox 1445 3508 1530 3574; x_wconf 84' lang='lat' dir='ltr'><strong>mei-</strong></span> 
     </span>
     <span class='ocr_line' id='line_1_32' title="bbox 284 3595 1530 3681; baseline 0.001 -23"><span class='ocrx_word' id='word_1_283' title='bbox 284 3605 354 3659; x_wconf 85' lang='lat' dir='ltr'><strong>stre</strong></span> <span class='ocrx_word' id='word_1_284' title='bbox 370 3595 484 3660; x_wconf 82' lang='lat' dir='ltr'><strong>Jehen</strong></span> <span class='ocrx_word' id='word_1_285' title='bbox 501 3617 740 3681; x_wconf 85' lang='lat' dir='ltr'><strong>gerson.pose</strong></span> <span class='ocrx_word' id='word_1_286' title='bbox 764 3619 829 3680; x_wconf 87' lang='lat' dir='ltr'><strong>que</strong></span> <span class='ocrx_word' id='word_1_287' title='bbox 853 3595 922 3660; x_wconf 89' lang='lat' dir='ltr'><strong>soit</strong></span> <span class='ocrx_word' id='word_1_288' title='bbox 945 3603 1147 3660; x_wconf 86' lang='lat' dir='ltr'><strong>outrement.</strong></span> <span class='ocrx_word' id='word_1_289' title='bbox 1172 3598 1264 3674; x_wconf 73' lang='lat' dir='ltr'><strong>Quor</strong></span> <span class='ocrx_word' id='word_1_290' title='bbox 1284 3597 1402 3661; x_wconf 79' lang='lat' dir='ltr'><strong>loctonr</strong></span> <span class='ocrx_word' id='word_1_291' title='bbox 1424 3595 1530 3659; x_wconf 86' lang='lat' dir='ltr'><strong>dice]-</strong></span> 
     </span>
     <span class='ocr_line' id='line_1_33' title="bbox 285 3681 1529 3833; baseline 0.001 -89"><span class='ocrx_word' id='word_1_292' title='bbox 285 3682 344 3766; x_wconf 82' lang='lat' dir='ltr'><strong>luy</strong></span> <span class='ocrx_word' id='word_1_293' title='bbox 358 3683 464 3746; x_wconf 87' lang='lat' dir='ltr'><strong>soubz</strong></span> <span class='ocrx_word' id='word_1_294' title='bbox 477 3691 594 3746; x_wconf 85' lang='lat' dir='ltr'><strong>nostre</strong></span> <span class='ocrx_word' id='word_1_295' title='bbox 610 3681 772 3766; x_wconf 82' lang='lat' dir='ltr'><strong>seigneur</strong></span> <span class='ocrx_word' id='word_1_296' title='bbox 786 3683 858 3746; x_wconf 78' lang='lat' dir='ltr'><strong>fust</strong></span> <span class='ocrx_word' id='word_1_297' title='bbox 873 3706 944 3767; x_wconf 91' lang='lat' dir='ltr'><strong>vng</strong></span> <span class='ocrx_word' id='word_1_298' title='bbox 960 3682 1143 3748; x_wconf 86' lang='lat' dir='ltr'><strong>venereble</strong></span> <span class='ocrx_word' id='word_1_299' title='bbox 1157 3705 1240 3833; x_wconf 70' lang='lat' dir='ltr'><strong>pere</strong></span> <span class='ocrx_word' id='word_1_300' title='bbox 1256 3683 1435 3748; x_wconf 84' lang='lat' dir='ltr'><strong>tresdeuot</strong></span> <span class='ocrx_word' id='word_1_301' title='bbox 1450 3683 1529 3746; x_wconf 87' lang='lat' dir='ltr'><strong>reli·</strong></span> 
     </span>
     <span class='ocr_line' id='line_1_34' title="bbox 283 3767 1529 3856; baseline 0.002 -25"><span class='ocrx_word' id='word_1_302' title='bbox 283 3767 387 3852; x_wconf 86' lang='lat' dir='ltr'><strong>gieux</strong></span> <span class='ocrx_word' id='word_1_303' title='bbox 404 3771 554 3834; x_wconf 76' lang='lat' dir='ltr'><strong>otonoinr</strong></span> <span class='ocrx_word' id='word_1_304' title='bbox 568 3772 650 3851; x_wconf 75' lang='lat' dir='ltr'><strong>reple</strong></span> <span class='ocrx_word' id='word_1_305' title='bbox 662 3821 668 3832; x_wconf 94' lang='lat'>.</span> <span class='ocrx_word' id='word_1_306' title='bbox 678 3770 800 3834; x_wconf 83' lang='lat' dir='ltr'><strong>viuent</strong></span> <span class='ocrx_word' id='word_1_307' title='bbox 816 3793 859 3833; x_wconf 88' lang='lat' dir='ltr'><strong>en</strong></span> <span class='ocrx_word' id='word_1_308' title='bbox 875 3791 937 3834; x_wconf 90' lang='lat' dir='ltr'><strong>son</strong></span> <span class='ocrx_word' id='word_1_309' title='bbox 953 3777 1064 3856; x_wconf 86' lang='lat' dir='ltr'><strong>temps</strong></span> <span class='ocrx_word' id='word_1_310' title='bbox 1078 3791 1153 3834; x_wconf 87' lang='lat' dir='ltr'><strong>eno</strong></span> <span class='ocrx_word' id='word_1_311' title='bbox 1181 3792 1345 3834; x_wconf 81' lang='lat' dir='ltr'><strong>servenoe</strong></span> <span class='ocrx_word' id='word_1_312' title='bbox 1358 3769 1529 3854; x_wconf 86' lang='lat' dir='ltr'><strong>reguliero</strong></span> 
     </span>
     <span class='ocr_line' id='line_1_35' title="bbox 283 3855 1529 3942; baseline 0.001 -22"><span class='ocrx_word' id='word_1_313' title='bbox 283 3857 306 3920; x_wconf 90' lang='lat' dir='ltr'><strong>J</strong></span> <span class='ocrx_word' id='word_1_314' title='bbox 309 3863 413 3920; x_wconf 84' lang='lat' dir='ltr'><strong>ouxte</strong></span> <span class='ocrx_word' id='word_1_315' title='bbox 429 3857 463 3920; x_wconf 87' lang='lat' dir='ltr'><strong>le</strong></span> <span class='ocrx_word' id='word_1_316' title='bbox 479 3857 573 3940; x_wconf 84' lang='lat' dir='ltr'><strong>regie</strong></span> <span class='ocrx_word' id='word_1_317' title='bbox 590 3856 834 3940; x_wconf 80' lang='lat' dir='ltr'><strong>nronseigneur</strong></span> <span class='ocrx_word' id='word_1_318' title='bbox 849 3857 940 3920; x_wconf 80' lang='lat' dir='ltr'><strong>seint</strong></span> <span class='ocrx_word' id='word_1_319' title='bbox 956 3855 1119 3942; x_wconf 84' lang='lat' dir='ltr'><strong>augustin</strong></span> <span class='ocrx_word' id='word_1_320' title='bbox 1134 3879 1270 3921; x_wconf 86' lang='lat' dir='ltr'><strong>nomme</strong></span> <span class='ocrx_word' id='word_1_321' title='bbox 1294 3857 1382 3920; x_wconf 84' lang='lat' dir='ltr'><strong>frere</strong></span> <span class='ocrx_word' id='word_1_322' title='bbox 1406 3857 1529 3921; x_wconf 77' lang='lat' dir='ltr'><strong>thomos</strong></span> 
     </span>
     <span class='ocr_line' id='line_1_36' title="bbox 283 3941 1528 4030; baseline 0.002 -27"><span class='ocrx_word' id='word_1_323' title='bbox 283 3943 321 4006; x_wconf 76' lang='lat' dir='ltr'><strong>rte</strong></span> <span class='ocrx_word' id='word_1_324' title='bbox 343 3945 504 4028; x_wconf 79' lang='lat' dir='ltr'><strong>Iternpis.¹)</strong></span> <span class='ocrx_word' id='word_1_325' title='bbox 527 3943 644 4029; x_wconf 84' lang='lat' dir='ltr'><strong>prieur</strong></span> <span class='ocrx_word' id='word_1_326' title='bbox 667 3966 709 4006; x_wconf 87' lang='lat' dir='ltr'><strong>en</strong></span> <span class='ocrx_word' id='word_1_327' title='bbox 730 3967 801 4027; x_wconf 87' lang='lat' dir='ltr'><strong>vng</strong></span> <span class='ocrx_word' id='word_1_328' title='bbox 819 3942 955 4030; x_wconf 87' lang='lat' dir='ltr'><strong>prieure</strong></span> <span class='ocrx_word' id='word_1_329' title='bbox 972 3943 1112 4009; x_wconf 86' lang='lat' dir='ltr'><strong>dioellui</strong></span> <span class='ocrx_word' id='word_1_330' title='bbox 1129 3944 1229 4009; x_wconf 90' lang='lat' dir='ltr'><strong>ordre</strong></span> <span class='ocrx_word' id='word_1_331' title='bbox 1245 3964 1382 4008; x_wconf 87' lang='lat' dir='ltr'><strong>nomme</strong></span> <span class='ocrx_word' id='word_1_332' title='bbox 1398 3941 1528 4006; x_wconf 87' lang='lat' dir='ltr'><strong>winde-</strong></span> 
     </span>
     <span class='ocr_line' id='line_1_37' title="bbox 285 4029 1529 4116; baseline 0.002 -24"><span class='ocrx_word' id='word_1_333' title='bbox 285 4051 356 4092; x_wconf 89' lang='lat' dir='ltr'><strong>sem</strong></span> <span class='ocrx_word' id='word_1_334' title='bbox 382 4052 425 4093; x_wconf 84' lang='lat' dir='ltr'><strong>au</strong></span> <span class='ocrx_word' id='word_1_335' title='bbox 448 4029 586 4095; x_wconf 72' lang='lat' dir='ltr'><strong>diocese</strong></span> <span class='ocrx_word' id='word_1_336' title='bbox 610 4029 770 4094; x_wconf 78' lang='lat' dir='ltr'><strong>dutreiot.</strong></span> <span class='ocrx_word' id='word_1_337' title='bbox 794 4031 972 4094; x_wconf 59' lang='lat' dir='ltr'><strong>&#39;translate</strong></span> <span class='ocrx_word' id='word_1_338' title='bbox 997 4031 1039 4095; x_wconf 89' lang='lat' dir='ltr'><strong>de</strong></span> <span class='ocrx_word' id='word_1_339' title='bbox 1062 4031 1149 4095; x_wconf 83' lang='lat' dir='ltr'><strong>latin</strong></span> <span class='ocrx_word' id='word_1_340' title='bbox 1166 4054 1209 4095; x_wconf 89' lang='lat' dir='ltr'><strong>en</strong></span> <span class='ocrx_word' id='word_1_341' title='bbox 1225 4029 1375 4095; x_wconf 82' lang='lat' dir='ltr'><strong>i&#39;reneois</strong></span> <span class='ocrx_word' id='word_1_342' title='bbox 1391 4050 1481 4116; x_wconf 87' lang='lat' dir='ltr'><strong>pour</strong></span> <span class='ocrx_word' id='word_1_343' title='bbox 1495 4031 1529 4094; x_wconf 84' lang='lat' dir='ltr'><strong>la</strong></span> 
     </span>
     <span class='ocr_line' id='line_1_38' title="bbox 284 4115 1527 4202; baseline 0.002 -24"><span class='ocrx_word' id='word_1_344' title='bbox 284 4116 506 4182; x_wconf 82' lang='lat' dir='ltr'><strong>consoleoiou</strong></span> <span class='ocrx_word' id='word_1_345' title='bbox 531 4117 591 4179; x_wconf 83' lang='lat' dir='ltr'><strong>des</strong></span> <span class='ocrx_word' id='word_1_346' title='bbox 615 4116 755 4202; x_wconf 83' lang='lat' dir='ltr'><strong>simplos</strong></span> <span class='ocrx_word' id='word_1_347' title='bbox 778 4139 849 4180; x_wconf 86' lang='lat' dir='ltr'><strong>non</strong></span> <span class='ocrx_word' id='word_1_348' title='bbox 872 4117 1031 4181; x_wconf 81' lang='lat' dir='ltr'><strong>seiehens</strong></span> <span class='ocrx_word' id='word_1_349' title='bbox 1057 4119 1222 4182; x_wconf 87' lang='lat' dir='ltr'><strong>entendre</strong></span> <span class='ocrx_word' id='word_1_350' title='bbox 1246 4117 1342 4181; x_wconf 79' lang='lat' dir='ltr'><strong>latin.</strong></span> <span class='ocrx_word' id='word_1_351' title='bbox 1358 4115 1527 4200; x_wconf 83' lang='lat' dir='ltr'><strong>Laqueile</strong></span> 
     </span>
     <span class='ocr_line' id='line_1_39' title="bbox 283 4202 1528 4288; baseline 0.002 -22"><span class='ocrx_word' id='word_1_352' title='bbox 283 4203 493 4267; x_wconf 81' lang='lat' dir='ltr'><strong>translacion</strong></span> <span class='ocrx_word' id='word_1_353' title='bbox 510 4227 529 4266; x_wconf 87' lang='lat' dir='ltr'><strong>e</strong></span> <span class='ocrx_word' id='word_1_354' title='bbox 546 4211 617 4267; x_wconf 87' lang='lat' dir='ltr'><strong>este</strong></span> <span class='ocrx_word' id='word_1_355' title='bbox 635 4202 876 4287; x_wconf 84' lang='lat' dir='ltr'><strong>diligentrnent</strong></span> <span class='ocrx_word' id='word_1_356' title='bbox 892 4203 1045 4288; x_wconf 74' lang='lat' dir='ltr'><strong>corriges</strong></span> <span class='ocrx_word' id='word_1_357' title='bbox 1060 4227 1118 4269; x_wconf 84' lang='lat' dir='ltr'><strong>sus</strong></span> <span class='ocrx_word' id='word_1_358' title='bbox 1134 4203 1295 4288; x_wconf 81' lang='lat' dir='ltr'><strong>toriginal</strong></span> <span class='ocrx_word' id='word_1_359' title='bbox 1317 4204 1411 4268; x_wconf 90' lang='lat' dir='ltr'><strong>Pour</strong></span> <span class='ocrx_word' id='word_1_360' title='bbox 1433 4224 1528 4288; x_wconf 83' lang='lat' dir='ltr'><strong>quoy</strong></span> 
     </span>
     <span class='ocr_line' id='line_1_40' title="bbox 284 4288 1529 4387; baseline 0 -33"><span class='ocrx_word' id='word_1_361' title='bbox 284 4313 370 4354; x_wconf 87' lang='lat' dir='ltr'><strong>vous</strong></span> <span class='ocrx_word' id='word_1_362' title='bbox 387 4288 445 4374; x_wconf 88' lang='lat' dir='ltr'><strong>qui</strong></span> <span class='ocrx_word' id='word_1_363' title='bbox 463 4313 505 4353; x_wconf 88' lang='lat' dir='ltr'><strong>en</strong></span> <span class='ocrx_word' id='word_1_364' title='bbox 521 4289 649 4374; x_wconf 86' lang='lat' dir='ltr'><strong>ioelluy</strong></span> <span class='ocrx_word' id='word_1_365' title='bbox 666 4289 752 4354; x_wconf 88' lang='lat' dir='ltr'><strong>liure</strong></span> <span class='ocrx_word' id='word_1_366' title='bbox 768 4290 861 4374; x_wconf 85' lang='lat' dir='ltr'><strong>lyres</strong></span> <span class='ocrx_word' id='word_1_367' title='bbox 877 4291 1022 4354; x_wconf 84' lang='lat' dir='ltr'><strong>vueilles</strong></span> <span class='ocrx_word' id='word_1_368' title='bbox 1038 4292 1130 4377; x_wconf 88' lang='lat' dir='ltr'><strong>prier</strong></span> <span class='ocrx_word' id='word_1_369' title='bbox 1145 4291 1425 4375; x_wconf 83' lang='lat' dir='ltr'><strong>nostreseigneur</strong></span> <span class='ocrx_word' id='word_1_370' title='bbox 1438 4311 1529 4387; x_wconf 85' lang='lat' dir='ltr'><strong>pour</strong></span> 
     </span>
     <span class='ocr_line' id='line_1_41' title="bbox 283 4375 1527 4462; baseline 0.001 -23"><span class='ocrx_word' id='word_1_371' title='bbox 283 4375 316 4440; x_wconf 91' lang='lat' dir='ltr'><strong>le</strong></span> <span class='ocrx_word' id='word_1_372' title='bbox 329 4377 420 4441; x_wconf 82' lang='lat' dir='ltr'><strong>salut</strong></span> <span class='ocrx_word' id='word_1_373' title='bbox 432 4377 479 4440; x_wconf 89' lang='lat' dir='ltr'><strong>du</strong></span> <span class='ocrx_word' id='word_1_374' title='bbox 493 4384 698 4442; x_wconf 78' lang='lat' dir='ltr'><strong>eorreoteur.</strong></span> <span class='ocrx_word' id='word_1_375' title='bbox 712 4378 787 4442; x_wconf 87' lang='lat' dir='ltr'><strong>Fol.</strong></span> <span class='ocrx_word' id='word_1_376' title='bbox 802 4379 862 4441; x_wconf 90' lang='lat' dir='ltr'><strong>ult.</strong></span> <span class='ocrx_word' id='word_1_377' title='bbox 875 4399 937 4442; x_wconf 92' lang='lat' dir='ltr'><strong>vo:</strong></span> <span class='ocrx_word' id='word_1_378' title='bbox 952 4379 1003 4462; x_wconf 87' lang='lat' dir='ltr'><strong>Cy</strong></span> <span class='ocrx_word' id='word_1_379' title='bbox 1016 4379 1112 4443; x_wconf 77' lang='lat' dir='ltr'><strong>finiet</strong></span> <span class='ocrx_word' id='word_1_380' title='bbox 1123 4380 1156 4442; x_wconf 88' lang='lat' dir='ltr'><strong>le</strong></span> <span class='ocrx_word' id='word_1_381' title='bbox 1173 4377 1259 4442; x_wconf 89' lang='lat' dir='ltr'><strong>liure</strong></span> <span class='ocrx_word' id='word_1_382' title='bbox 1276 4378 1318 4442; x_wconf 92' lang='lat' dir='ltr'><strong>de</strong></span> <span class='ocrx_word' id='word_1_383' title='bbox 1332 4375 1527 4442; x_wconf 79' lang='lat' dir='ltr'><strong>inritatione</strong></span> 
     </span>
     <span class='ocr_line' id='line_1_42' title="bbox 284 4463 1528 4550; baseline 0.002 -24"><span class='ocrx_word' id='word_1_384' title='bbox 284 4463 377 4527; x_wconf 84' lang='lat' dir='ltr'><strong>cristi</strong></span> <span class='ocrx_word' id='word_1_385' title='bbox 395 4465 442 4527; x_wconf 81' lang='lat' dir='ltr'><strong>Et</strong></span> <span class='ocrx_word' id='word_1_386' title='bbox 456 4463 497 4526; x_wconf 84' lang='lat' dir='ltr'><strong>de</strong></span> <span class='ocrx_word' id='word_1_387' title='bbox 515 4471 717 4550; x_wconf 78' lang='lat' dir='ltr'><strong>contemptu</strong></span> <span class='ocrx_word' id='word_1_388' title='bbox 732 4463 862 4529; x_wconf 87' lang='lat' dir='ltr'><strong>mundi.</strong></span> <span class='ocrx_word' id='word_1_389' title='bbox 879 4465 1059 4529; x_wconf 79' lang='lat' dir='ltr'><strong>Translate</strong></span> <span class='ocrx_word' id='word_1_390' title='bbox 1077 4467 1119 4530; x_wconf 86' lang='lat' dir='ltr'><strong>de</strong></span> <span class='ocrx_word' id='word_1_391' title='bbox 1135 4465 1221 4529; x_wconf 80' lang='lat' dir='ltr'><strong>latin</strong></span> <span class='ocrx_word' id='word_1_392' title='bbox 1238 4488 1281 4529; x_wconf 92' lang='lat' dir='ltr'><strong>en</strong></span> <span class='ocrx_word' id='word_1_393' title='bbox 1296 4463 1457 4529; x_wconf 81' lang='lat' dir='ltr'><strong>franceis.</strong></span> <span class='ocrx_word' id='word_1_394' title='bbox 1482 4464 1528 4528; x_wconf 85' lang='lat' dir='ltr'><strong>Et</strong></span> 
     </span>
     <span class='ocr_line' id='line_1_43' title="bbox 282 4549 1527 4637; baseline 0.001 -23"><span class='ocrx_word' id='word_1_395' title='bbox 282 4549 441 4636; x_wconf 87' lang='lat' dir='ltr'><strong>imprime</strong></span> <span class='ocrx_word' id='word_1_396' title='bbox 464 4573 484 4614; x_wconf 84' lang='lat' dir='ltr'><strong>e</strong></span> <span class='ocrx_word' id='word_1_397' title='bbox 506 4549 604 4614; x_wconf 87' lang='lat' dir='ltr'><strong>Paris</strong></span> <span class='ocrx_word' id='word_1_398' title='bbox 627 4574 690 4637; x_wconf 85' lang='lat' dir='ltr'><strong>par</strong></span> <span class='ocrx_word' id='word_1_399' title='bbox 712 4551 734 4616; x_wconf 90' lang='lat' dir='ltr'>J</span> <span class='ocrx_word' id='word_1_400' title='bbox 738 4551 826 4615; x_wconf 84' lang='lat' dir='ltr'><strong>eheu</strong></span> <span class='ocrx_word' id='word_1_401' title='bbox 841 4551 1015 4618; x_wconf 78' lang='lat' dir='ltr'><strong>Lambert.</strong></span> <span class='ocrx_word' id='word_1_402' title='bbox 1031 4554 1081 4617; x_wconf 89' lang='lat' dir='ltr'><strong>Le</strong></span> <span class='ocrx_word' id='word_1_403' title='bbox 1095 4573 1167 4618; x_wconf 81' lang='lat' dir='ltr'><strong>xvi.</strong></span> <span class='ocrx_word' id='word_1_404' title='bbox 1180 4553 1262 4637; x_wconf 89' lang='lat' dir='ltr'><strong>jour</strong></span> <span class='ocrx_word' id='word_1_405' title='bbox 1278 4552 1320 4617; x_wconf 91' lang='lat' dir='ltr'><strong>de</strong></span> <span class='ocrx_word' id='word_1_406' title='bbox 1336 4549 1527 4616; x_wconf 84' lang='lat' dir='ltr'><strong>nouerubre</strong></span> 
     </span>
    </p>
   </div>
   <div class='ocr_carea' id='block_1_6' title="bbox 282 4637 961 4724">
    <p class='ocr_par' dir='ltr' id='par_1_11' title="bbox 282 4637 961 4724">
     <span class='ocr_line' id='line_1_44' title="bbox 282 4637 961 4724; baseline 0 -22"><span class='ocrx_word' id='word_1_407' title='bbox 282 4637 343 4702; x_wconf 88' lang='lat' dir='ltr'><strong>Mi]</strong></span> <span class='ocrx_word' id='word_1_408' title='bbox 354 4688 363 4702; x_wconf 87' lang='lat'>.</span> <span class='ocrx_word' id='word_1_409' title='bbox 373 4637 488 4704; x_wconf 92' lang='grc'>0000</span> <span class='ocrx_word' id='word_1_410' title='bbox 499 4689 506 4702; x_wconf 93' lang='grc'>.</span> <span class='ocrx_word' id='word_1_411' title='bbox 516 4645 638 4724; x_wconf 84' lang='lat' dir='ltr'><strong>quatre</strong></span> <span class='ocrx_word' id='word_1_412' title='bbox 653 4638 753 4724; x_wconf 84' lang='lat' dir='ltr'><strong>vingt</strong></span> <span class='ocrx_word' id='word_1_413' title='bbox 768 4645 803 4703; x_wconf 92' lang='lat' dir='ltr'><strong>et</strong></span> <span class='ocrx_word' id='word_1_414' title='bbox 818 4645 921 4704; x_wconf 86' lang='lat' dir='ltr'><strong>treze.</strong></span> <span class='ocrx_word' id='word_1_415' title='bbox 936 4679 961 4686; x_wconf 88' lang='lat'>—</span> 
     </span>
    </p>
   </div>
   <div class='ocr_carea' id='block_1_7' title="bbox 0 0 1680 5280">
    <p class='ocr_par' dir='ltr' id='par_1_12' title="bbox 0 0 1680 5280">
     <span class='ocr_line' id='line_1_45' title="bbox 0 0 1680 5280; baseline 0 2"><span class='ocrx_word' id='word_1_416' title='bbox 0 0 1680 5280; x_wconf 95' lang='lat' dir='ltr'><strong> </strong></span> 
     </span>
    </p>
   </div>
  </div>
 </body>
</html>
