3352 5280
864 397 953 465 XIV

386 600 438 656 48.
460 588 503 656 In
525 588 776 680 Epiphaniam:

649 679 839 762 erimmoae
860 680 977 747 coctam
998 681 1163 762 quaeritis,

649 764 739 832 Oclos
762 768 797 831 io
819 769 919 833 altam
942 768 1049 834 tollite.
1064 805 1091 816 -

386 860 438 916 49.
461 851 605 937 Hymni.
631 863 659 917 1.
683 853 862 919 Recordare
875 855 986 938 frater
1001 856 1068 936 pie.

629 951 658 1004 2.
682 939 861 1007 Recordare
882 947 1011 1008 sanetae
1034 943 1144 1008 crocis.
1162 979 1190 988 -

387 1035 439 1090 50.
470 1024 685 1112 Rhythmioa
718 1027 829 1094 oratio
864 1029 908 1093 ad
942 1051 1049 1094 unum
1083 1027 1265 1179 gladiibet
1299 1027 1535 1094 membrorum

283 1110 412 1177 Christi
431 1111 596 1198 patientie
617 1121 652 1178 et
675 1136 695 1178 a
714 1136 816 1180 onice
835 1115 1030 1200 pendentia.
1054 1117 1066 1200 (
1122 1114 1211 1180 ratio
1235 1114 1354 1180 divina
1373 1123 1408 1180 et
1427 1115 1536 1180 devo-

281 1197 424 1280 tissima,
450 1220 554 1284 quam
576 1198 661 1264 feeit
683 1202 717 1265 S.
735 1201 942 1286 Bernardus,
968 1165 1107 1287 quando
1129 1201 1245 1288 imago
1265 1201 1454 1268 Salvatorie
1478 1223 1537 1267 eo·

281 1283 364 1350 lutis
386 1284 541 1350 brachiis
565 1286 607 1351 de
631 1310 733 1352 eruce
758 1289 954 1374 amplexata
977 1297 1030 1353 est
1053 1288 1178 1373 eum“).

416 1372 472 1438 Ad
494 1373 622 1438 Pedes:
649 1374 743 1440 Sotae
764 1377 877 1440 mandi
898 1377 1050 1442 solatore.

401 1459 457 1524 Ad
483 1459 622 1525 Genua:
648 1461 751 1538 Sotae,
775 1463 865 1539 deso,
888 1484 945 1528 rec
969 1463 1165 1529 Sanctorum.

562 1547 622 1612 at:
648 1548 751 1626 Saloe,
774 1551 870 1626 soloe,
894 1571 950 1614 reo
970 1549 1166 1615 Soactmam.

299 1667 300 1670 ¹
402 1633 457 1699 Ad
480 1633 623 1699 Manus:
649 1635 751 1712 Saloe,
775 1635 864 1713 dem,
887 1641 998 1718 pastor
1020 1637 1105 1700 bono.

564 1721 623 1792 aL:
649 1723 751 1800 Soloe,
775 1725 870 1800 soloe,
894 1723 974 1788 desa
997 1723 1081 1800 bone,

550 1808 623 1872 vel:
648 1810 771 1875 Maras
793 1815 921 1876 sanotae
943 1815 997 1874 etc.

420 1895 476 1960 Ad
499 1895 625 1959 Latus:
652 1895 753 1972 Soloe,
777 1897 867 1974 deco,
891 1917 1009 1962 sommo
1032 1897 1140 1962 tomus.

400 1981 457 2046 Ad
480 1981 625 2046 Pectus:
651 1982 753 2059 Sotae,
779 1984 876 2050 Salus
898 2004 977 2060 meo,
1001 1981 1100 2048 Deos.

460 2068 516 2132 Ad
540 2067 624 2134 Cor:
651 2069 774 2134 Summi
796 2071 893 2152 Reois
917 2093 968 2136 cor
990 2075 1086 2134 aoeto.

385 2154 440 2220 Ad
465 2155 623 2220 Faciem:
649 2157 751 2232 Soleo,
780 2157 885 2239 Caput
908 2162 1112 2223 cruentatam.
1131 2193 1166 2204 -

388 2251 439 2306 51.
463 2240 620 2307 Deliciae
643 2242 774 2309 Mariae
791 2244 956 2328 Virgini8‚
983 2244 1043 2308 al.:
1071 2241 1212 2309 Jubilus
1236 2241 1270 2306 S.
1294 2239 1465 2306 Bernardi
1489 2241 1536 2305 ad

282 2326 323 2391 B.
346 2326 492 2392 Mariam
508 2328 687 2414 Virginem
712 2330 754 2394 de
778 2329 938 2396 omnibus
963 2330 1097 2395 deliciis
1121 2329 1294 2415 ejusdem:

647 2417 749 2492 Soloe,
772 2424 884 2484 sancta
906 2423 1007 2482 mater
1029 2417 1101 2494 Dei,

646 2504 757 2570 Rodio
779 2507 871 2581 vitae,
895 2505 992 2570 robor
1013 2507 1089 2586 spei.
1108 2539 1141 2552 -

388 2600 439 2656 52.
461 2589 632 2674 Rhythmi
653 2597 788 2657 veteres
812 2590 948 2657 devita
970 2589 1172 2674 monastica,
1196 2589 1256 2653 al.:
1280 2587 1464 2654 Dictamen
1489 2589 1537 2654 ad

281 2675 480 2760 religiosos:

698 2765 736 2830 Si
758 2767 807 2831 ois
830 2787 895 2831 csse
918 2764 1085 2842 committo,

698 2852 806 2933 Hojas
828 2854 911 2917 citae
932 2853 1020 2917 or’om
1041 2853 1118 2917 otto.
1135 2889 1162 2898 -

388 2947 438 3002 53.
462 2938 574 3003 Metra
597 2959 659 3024 pro
684 2937 925 3004 aedificatione
952 2960 1086 3004 morum
1113 2937 1267 3003 omnium
1290 2936 1366 3002 Deo
1394 2935 1537 3000 dedica-

282 3032 414 3090 torum:
583 3039 586 3044 '

535 3112 573 3176 St
595 3113 643 3178 oie
663 3111 810 3195 yordere,
834 3113 963 3178 studeas
985 3115 1020 3178 m
1040 3133 1118 3194 poce
1139 3113 1241 3178 silere.
1254 3121 1286 3158 '—

389 3209 438 3264 54.
463 3198 582 3264 Oratio
607 3198 734 3265 devota
756 3198 797 3263 ad
822 3199 1010 3265 Dominum
1033 3200 1057 3266 J
1060 3221 1156 3264 esum
1180 3205 1215 3262 et
1237 3197 1278 3262 B.
1302 3196 1464 3262 Mariam:

595 3286 721 3351 Summe
743 3289 860 3351 summi
883 3291 916 3351 tu
939 3285 1052 3352 Patris
1073 3287 1172 3362 onice,

593 3373 714 3440 Mardi
736 3372 844 3437 Faber
866 3379 893 3439 ct
916 3378 1015 3439 rector
1028 3375 1187 3456 fabricae.
1205 3411 1232 3419 -

387 3470 438 3523 55.
462 3458 629 3525 Planctus
651 3459 831 3544 Bernardi,
857 3461 916 3524 aL:
942 3460 1097 3525 Granum
1120 3457 1310 3546 passionis:

535 3547 577 3613 Tc
598 3553 633 3611 at
655 3549 691 3610 in
713 3549 896 3612 memoriam
918 3568 1063 3624 revocem
1089 3546 1246 3623 Salvator,

533 3634 620 3698 Mite·
644 3635 888 3716 tmtontsse'mus
910 3635 1002 3700 adsis
1025 3635 1208 3700 consolator.
1227 3669 1254 3680 —

388 3731 438 3786 56.
460 3719 669 3786 Exhortatio
694 3720 738 3784 ad
762 3719 1023 3786 contritionem:

648 3808 695 3872 Ta
717 3809 772 3890 oui
786 3809 874 3888 jaste
893 3808 941 3872 oet
963 3808 1087 3888 injuste.
1105 3845 1132 3854 -
1216 3881 1221 3891 Ι

387 3905 438 3960 ot.
461 3893 560 3959 Visio
584 3892 785 3959 Philiberti:
1015 3907 1024 3914 ’

512 3981 570 4045 Ver
591 3981 722 4062 quidam
745 3983 909 4047 exstiterat
931 3983 1051 4046 dodam
1074 3982 1234 4055 heremita,

511 4067 708 4133 Pteito‘bertac
729 4068 941 4150 Frondem,
967 4070 1055 4149 cajus
1079 4067 1278 4144 certeseia,
1406 4105 1411 4110 -

513 4154 659 4220 Damio
681 4157 798 4221 mecedo
820 4157 943 4233 ciceret,
967 4177 1000 4220 sc
1024 4157 1153 4220 deducit
1178 4155 1232 4220 ita.
1251 4189 1278 4200 -

803 4455 1010 4464 --—-..-e-
