3398 5270
677 467 831 566 *u-

171 657 255 727 268.
265 699 306 707 -
319 659 489 729 Floretus
506 657 580 724 sine
597 663 804 724 commento.
827 654 991 743 Imprime
1008 679 1028 722 a
1042 657 1167 722 Rouen
1182 675 1245 742 par
1259 653 1284 722 J
1286 662 1379 721 amet

118 745 223 832 Loys
236 766 326 833 pour
334 746 358 811 J
361 767 486 830 aeques
495 745 528 810 le
537 744 714 811 Honestior
729 745 934 810 demourant
948 743 1066 808 audiat
1080 742 1151 808 lieu
1165 747 1244 831 prbe
1252 743 1379 809 Nostra

118 833 242 898 Deme
258 856 278 897 a
292 831 471 919 lenseigne
487 832 530 896 de
544 833 579 897 la
591 831 679 897 fleur
693 832 735 897 de
750 831 834 917 Lys.
848 871 875 878 -

176 936 210 990 8⁰
222 938 294 990 min.
306 935 387 1007 goth
400 937 464 992 sine
477 935 539 990 ulla
549 941 623 990 nota
633 941 749 1008 typogr.
758 965 786 976 -
795 935 926 1005 (Bumet,
939 934 1039 1006 Suppl.
1052 933 1076 988 1.
1089 934 1158 1004 507).
1167 964 1195 975 -

173 1075 256 1144 269.
266 1114 308 1122 -
319 1076 515 1146 Heinricus
527 1078 571 1144 de
582 1078 719 1146 Hassis
729 1076 905 1163 plantator
915 1073 1089 1162 gymnasii
1098 1072 1280 1140 Vienensie
1292 1073 1329 1162 (l)
1342 1072 1378 1138 in

119 1161 276 1226 Austris
291 1171 412 1228 contra
427 1162 698 1249 disceptationes
711 1171 746 1227 et
758 1161 948 1228 contrarias
988 1161 1219 1226 radicationes
1234 1159 1379 1226 fratrum

120 1248 403 1314 mendicantium
424 1273 519 1332 saper
541 1252 735 1332 conceptione
758 1249 936 1316 beatissime
991 1250 1060 1314 arie
1078 1250 1212 1332 cirpinis
1228 1253 1256 1314 et
1271 1253 1379 1314 contra

120 1337 290 1402 mam
305 1343 413 1403 sancto
428 1337 599 1402 Bernardo
615 1335 829 1401 mendaciter
842 1333 1053 1423 impositam.
1066 1373 1094 1382 —

177 1442 212 1492 4ο
222 1442 293 1494 min.
305 1440 349 1495 ch.
357 1439 439 1510 goth.
450 1441 466 1493 3
477 1439 506 1496 ff.
515 1457 545 1494 n.
553 1457 672 1510 numm,
684 1441 718 1494 29
728 1457 838 1496 numm.
850 1446 880 1494 et
889 1439 906 1492 2
915 1457 942 1492 n.
956 1457 1065 1493 numm.
1076 1455 1142 1493 cum
1153 1439 1226 1510 sign.
1237 1438 1301 1494 sine
1313 1437 1378 1493 aliis

121 1529 219 1582 notis.
229 1557 256 1566 -
266 1525 424 1598 (Subtemen,
437 1527 479 1582 St.
493 1525 597 1582 Gallen
610 1526 645 1582 N.
659 1525 711 1598 70).
720 1557 748 1568 -

174 1667 258 1738 270.
268 1707 309 1716 -
324 1669 496 1752 (Humilia
511 1689 556 1736 sn
583 1688 624 1735 er
641 1667 823 1752 „stabant
835 1670 891 1751 —)
914 1668 943 1732 F
957 1678 990 1732 1:
1015 1665 1145 1754 Incipit
1159 1667 1272 1732 omelia
1285 1663 1379 1731 beati

123 1755 306 1820 bernhardi
320 1777 415 1836 saper
429 1753 515 1818 illud
531 1753 566 1820 io
593 1753 692 1818 annis
708 1752 805 1840 xviiij
827 1753 950 1820 Stabat.
966 1753 1044 1819 nin.
1058 1752 1077 1817 f
1084 1763 1179 1836 lenc,
1203 1754 1226 1818 1.
1245 1761 1301 1820 19:
1327 1760 1380 1818 est

123 1863 237 1928 super
252 1840 368 1907 omnia
382 1839 587 1906 benedictus
603 1840 640 1905 in
656 1841 852 1906 seculorum
867 1841 984 1906 secula
999 1841 1121 1905 Amen.
1135 1879 1163 1888 -

177 1947 220 2000 4⁰.
238 1945 269 1998 18
282 1945 311 1998 ff.
328 1945 361 1997 34
373 1944 404 1998 u
420 1945 485 2000 sine
499 1943 519 2001 l.
531 1962 557 1999 a.
570 1949 601 1999 et
613 1951 632 2000 t.
646 1962 673 2000 n.
687 1944 731 2000 ch.
746 1945 827 2016 goth.
844 1945 908 2000 sine
927 1946 1002 2015 sign.
1018 1949 1092 2000 cust.
1110 1949 1140 1998 et
1152 1961 1199 2014 pp.
1213 1960 1240 1998 n.
1250 1973 1276 1984 ·-
1287 1942 1379 2015 (Hain

123 2033 160 2087 N.
174 2031 270 2103 2869).
281 2061 306 2072 -

176 2171 256 2241 271.
268 2212 309 2220 -
318 2174 507 2259 (Hymnus.
518 2175 572 2259 -)
583 2173 731 2240 Lectulus
742 2175 876 2256 floridas
887 2195 1020 2256 sponsae
1029 2173 1109 2241 Jesa
1121 2173 1243 2239 Christi
1251 2172 1302 2260 (in
1310 2191 1379 2256 quo

125 2259 223 2325 libro
235 2269 372 2346 praeter
384 2259 453 2325 alia
464 2260 526 2346 „de
539 2267 679 2326 aeterna
691 2281 728 2325 sa
753 2255 894 2344 ientia“,
903 2261 946 2326 de
959 2259 1143 2327 nativitate
1154 2259 1302 2325 Christi“
1314 2265 1379 2324 etc.

125 2347 263 2434 scripta
286 2347 388 2412 etiam
414 2346 611 2413 continetur
630 2283 778 2433 „bacilia
794 2347 827 2413 S.
843 2347 1038 2413 Bercardi“.
1054 2346 1203 2413 Videtur
1219 2345 1379 2413 collectio

124 2433 340 2518 hymnorum
353 2456 438 2516 esse,
452 2455 540 2518 quae
552 2434 655 2500 titulo
668 2433 834 2500 destituta
848 2445 909 2500 549
922 2457 981 2521 pp.
996 2441 1060 2500 12⁰.
1074 2433 1379 2522 complectebatur.

125 2523 183 2585 An
211 2520 350 2586 saeculo
366 2521 434 2586 XV
449 2519 639 2608 impressa?
654 2559 680 2568 -

182 2623 309 2692 (Butsch
323 2623 415 2680 Catal.
428 2624 526 2680 XXX.
539 2625 592 2697 86).
602 2655 626 2665 -

149 2859 164 2916 t
179 2765 312 2916 ffi-
324 2767 502 2852 (Hymnus
516 2767 585 2832 ital.
600 2769 654 2851 -)
668 2766 722 2832 La
732 2767 888 2834 Historia
901 2767 935 2832 di
948 2767 1056 2834 Senta
1068 2766 1223 2834 Barbara
1234 2767 1378 2854 Virgine

128 2875 146 2915 e
274 2875 346 2937 yre.
360 2891 386 2900 —

181 2955 222 3010 4⁰.
234 2957 253 3008 4
263 2955 292 3009 ff.
303 2955 345 3011 ch.
357 2957 511 3027 semigoth.
522 2957 539 3010 3
549 2956 615 3012 coll.
629 2959 764 3028 (quarum
774 2957 922 3028 quaelibet
933 2957 989 3012 VII
1000 2963 1138 3028 „octenas
1150 2958 1282 3013 italicas“
1297 2957 1380 3031 [quas

129 3041 251 3115 vocant]
268 3045 418 3113 continet).
436 3061 458 3098 e.
471 3044 490 3099 l.
503 3061 529 3098 a.
542 3045 577 3116 (s.
590 3043 658 3114 XV)
676 3049 706 3098 et
721 3050 741 3100 t.
756 3063 784 3099 n.
798 3045 911 3101 Ultima
922 3061 1000 3116 pag:
1019 3045 1036 3098 1
1049 3045 1135 3100 satuti
1149 3045 1181 3099 di
1193 3040 1222 3100 S.
1234 3045 1379 3099 Bernardo

128 3131 159 3184 al
176 3129 258 3183 Vallo
269 3135 348 3185 santa
362 3137 416 3186 etc.
426 3162 452 3171 -
460 3132 593 3204 (Brunet
605 3131 725 3187 Manuel
737 3131 792 3188 111.
806 3131 877 3206 221).
888 3163 914 3172 -

178 3270 256 3338 273.
270 3309 310 3318 -
327 3271 391 3355 (De
413 3273 598 3341 Laudibus
621 3275 658 3340 B.
682 3275 727 3340 M.
743 3275 781 3341 V.
803 3295 840 3338 aa
857 3273 889 3338 S.
907 3275 1087 3340 Beraardo.
1100 3276 1155 3359 —-)
1172 3273 1379 3359 Dionysias')

131 3357 383 3422 Carthasianus
397 3359 439 3423 de
450 3359 691 3424 Ruremunda:
709 3359 858 3424 Pulcher
871 3369 906 3424 et
917 3361 1074 3425 Devotus
1085 3359 1194 3426 Maria
1208 3369 1242 3426 et
1256 3384 1380 3448 pecca-

130 3442 218 3508 toris
235 3444 403 3529 dialogus
417 3485 444 3492 -
458 3446 640 3511 'tractatus
657 3447 694 3511 de
710 3447 860 3513 laudibus
875 3448 961 3513 beate
980 3447 1122 3530 Viryiais
1138 3471 1175 3512 ea
1191 3449 1286 3514 dictis
1298 3449 1378 3512 Ber-

131 3533 230 3596 nardi
238 3531 418 3596 Anshelmi
428 3539 462 3596 et
471 3531 548 3597 aliis
557 3532 759 3598 doctoribus
768 3533 944 3599 collectus,
959 3534 1263 3618 GeorgiiNiecorei
1303 3541 1380 3599 cete

129 3616 297 3684 Laurenti
316 3619 359 3683 ad
376 3617 551 3684 Christum
572 3626 608 3684 et
622 3621 663 3684 B.
679 3619 858 3705 Virginem
882 3621 1043 3686 carmina.
1067 3621 1161 3686 Petri
1183 3622 1225 3686 de
1244 3557 1380 3687 niliaco

132 3704 327 3770 Cardinalis
336 3705 593 3772 Cameracensis
609 3705 853 3772 meditationes
870 3729 973 3794 super
988 3707 1197 3773 salutatione
1214 3707 1380 3792 angelica.

129 3791 297 3856 Eiusdem
322 3792 364 3856 ad
388 3793 419 3857 B
437 3792 633 3878 ,Virginem
658 3794 842 3860 orationes.
867 3794 1015 3859 Jcannis
1038 3795 1092 3859 De
1116 3795 1150 3860 S.
1175 3795 1380 3860 Geminiano

131 3877 292 3963 dialogus
307 3877 398 3943 inter
413 3879 588 3946 Christum
601 3887 636 3944 et
651 3880 820 3945 latronem
836 3882 878 3946 de
894 3879 988 3946 finali
1003 3881 1197 3968 penitentia
1213 3888 1247 3945 et
1261 3881 1303 3946 de
1318 3881 1381 3946 mi-

132 3965 331 4030 sericordia.
348 3965 513 4031 Eiusdem
528 3965 617 4032 liber
629 3967 671 4032 de
683 3968 846 4066 universo
862 3968 955 4053 quod
970 3969 1074 4035 homo
1091 3975 1274 4066 creaturas,
1291 3968 1381 4067 seip-

131 4074 206 4116 sum
221 4059 255 4116 et
268 4051 379 4134 deum,
392 4060 560 4138 quantum
572 4053 624 4118 fas
637 4061 699 4137 est,
715 4055 911 4140 intelligere
923 4061 1050 4141 potest.
1066 4055 1193 4140 Angeh
1208 4054 1380 4122 deAretlo

131 4160 195 4224 pro
210 4137 343 4204 iuristis
360 4147 395 4204 et
410 4141 584 4226 theologis
598 4141 641 4205 de
657 4141 842 4206 verborum
858 4141 1183 4226 significationibus.
1198 4181 1224 4190 -

182 4241 248 4298 sol.
261 4241 304 4296 32.
317 4241 379 4297 foll
392 4241 426 4295 34
439 4241 469 4296 ll.
486 4243 529 4297 clu
544 4243 635 4314 goth,
652 4244 716 4300 sine
733 4245 806 4316 sign.
824 4250 898 4301 cust.
915 4251 946 4300 et
960 4263 1007 4316 pp.
1023 4263 1112 4317 num,
1129 4247 1193 4302 sine
1209 4244 1227 4300 l.
1240 4263 1266 4300 a.
1279 4251 1309 4301 et
1321 4251 1380 4317 typ.

133 4345 210 4383 nonu
221 4328 347 4400 -(Hain
360 4327 395 4383 N.
408 4329 486 4384 6250.
496 4360 522 4371 -
534 4330 655 4402 Panzer,
667 4332 744 4385 Ann.
757 4337 818 4403 typ.
832 4331 886 4387 IX.
899 4330 959 4388 822.
971 4331 1006 4388 N.
1019 4332 1079 4387 440.
1092 4333 1130 4403 b).
1139 4364 1166 4374 -

183 4415 218 4472 N.
231 4417 260 4470 1:
274 4414 439 4488 Dionysius
450 4415 547 4472 siaa
558 4418 591 4472 de
603 4417 734 4474 Leeuwis.
744 4449 771 4458 -

181 4555 257 4626 274.
267 4597 308 4654 ᾗ
323 4558 604 4655 (meditationes.
617 4560 672 4644 —)
695 4559 725 4624 F
738 4570 752 4623 1
765 4581 773 4624 τ
789 4559 864 4624 Inci
891 4558 968 4625 iunt
981 4561 1200 4625 meditationes
1216 4560 1299 4624 beati
1315 4561 1381 4625 ber-

133 4645 340 4730 nardipnmr
353 4642 488 4710 abbatls
502 4645 769 4711 clareuallensis.
780 4646 843 4732 (M)
878 4647 918 4711 lti
928 4647 1037 4712 multa
1048 4645 1162 4712 sciunt
1171 4647 1275 4732 (eta).
1285 4646 1380 4711 Fin.:

134 4729 269 4796 deridet
283 4730 507 4796 innocentem
523 4739 559 4797 et
572 4740 819 4800 transeuntem.
833 4773 859 4782 -
