3398 5270
713 411 837 509 .-.73-

123 600 210 664 benc
222 601 354 664 uiuendi
365 623 372 664 :
385 597 421 663 in
434 621 502 684 quo
518 599 717 666 continetur
733 601 888 667 omnium
904 599 1073 665 uirtutum
1089 620 1223 663 summe
1239 597 1282 662 ed
1298 597 1387 662 chri-

122 685 285 751 stianam
297 685 501 772 religionem
513 689 719 754 necessaria.
731 689 805 754 inci
833 689 862 753 it
871 688 1043 772 Prologus
1055 685 1092 772 f.)
1105 686 1182 749 Lin.
1198 696 1214 749 6
1226 707 1233 748 :
1248 685 1387 770 [clAris-

124 772 224 838 sime
243 772 328 837 mihi
351 771 386 836 in
403 773 542 839 Christo
559 796 657 839 soror
673 775 780 864 (etc).
801 713 874 841 dol.
893 775 950 839 21.
969 785 1024 839 17:
1042 772 1197 859 Explicit
1212 771 1388 858 prologus,

125 859 380 946 incipit.Capi
391 859 571 926 .Primum.
586 861 639 926 De
655 862 752 927 Fide.
769 862 849 927 F45
867 863 931 926 col.
949 872 967 924 2
983 861 1004 925 l.
1022 869 1079 924 35:
1097 880 1222 946 penem
1234 880 1310 922 mee
1323 859 1388 924 ini-

126 946 293 1031 quitatis.
309 948 433 1012 Amen.
448 947 526 1014 Lin.
540 959 597 1012 36:
614 949 707 1014 Leus
723 947 954 1035 omnipotenti
972 947 1047 1012 dec.
1061 985 1088 994 -

181 1051 224 1104 4⁰.
243 1050 278 1102 45
297 1049 326 1104 ff.
344 1049 361 1101 2
380 1049 445 1104 coll.
463 1049 498 1104 40
515 1050 544 1104 ll.
564 1050 608 1105 ch.
627 1057 691 1122 rot,
710 1053 774 1106 sine
786 1053 804 1106 l.
817 1069 843 1106 a.
857 1058 878 1106 t.
890 1069 917 1107 n.
932 1055 1006 1106 cust.
1020 1055 1051 1105 et
1062 1068 1110 1121 pp.
1123 1067 1211 1114 num.¹
1231 1067 1298 1103 cum
1314 1051 1388 1120 sign.

124 1136 166 1190 eb
187 1137 217 1192 A
237 1138 256 1190 ii
276 1139 361 1208 incip.
372 1170 396 1176 —
407 1137 518 1208 (Derris,
537 1137 637 1210 Suppl.
651 1139 685 1194 N.
703 1139 781 1196 4380,
791 1172 816 1180 -
825 1139 904 1194 Heln
917 1138 949 1192 N.
968 1137 1045 1192 2891.
1055 1168 1080 1176 -
1091 1137 1211 1208 Penzer,
1229 1137 1305 1191 Anu.
1325 1143 1386 1209 typ.

125 1223 181 1276 1v.
204 1223 248 1279 95.
267 1223 300 1278 N.
320 1225 413 1280 lis·
428 1225 482 1280 Vis.
501 1243 538 1282 ex
556 1225 687 1280 biblioth.
707 1227 795 1298 pelet.
814 1226 1034 1293 Vindobon.).-

186 1363 316 1432 282—
329 1369 480 1448 (Passio.
495 1370 551 1448 —)
567 1366 621 1431 De
631 1369 750 1448 passio,
768 1367 827 1431 det
842 1367 872 1432 is
889 1367 949 1431 dat
962 1365 1058 1430 liden
1074 1386 1177 1429 unses
1191 1363 1307 1446 heren,
1324 1363 1388 1428 mit

127 1453 309 1536 sproeken
326 1454 396 1516 und
413 1454 622 1536 curassem
638 1453 699 1518 der
719 1453 864 1538 hiliigen
878 1454 995 1535 lerers,
1015 1450 1225 1516 bisunderen
1241 1451 1305 1516 mit
1320 1451 1388 1515 den

127 1538 293 1622 vreghen
316 1539 485 1623 Aucelmi‚
508 1539 601 1605 unde
623 1540 687 1604 mit
712 1541 779 1604 den
801 1539 1021 1626 gheestliken
1041 1538 1102 1603 tho
1125 1537 1300 1623 reisinghe
1328 1538 1390 1603 der

127 1624 318 1710 innicheit,
336 1627 385 1691 als
402 1635 503 1692 sunto
519 1627 711 1693 Bernartius
725 1627 914 1692 beschriiit.
930 1665 955 1674 -
967 1631 1221 1704 (Verlagscetelog
1236 1633 1317 1688 eines
1331 1650 1385 1686 un-

129 1727 306 1784 bekannten
319 1729 543 1784 Buchdruckers
557 1729 739 1804 [nso-1500]
755 1748 799 1801 up.
810 1731 901 1784 Ernst
910 1729 1059 1784 Kelcimer
1070 1729 1101 1781 in
1112 1725 1281 1798 „Deutsche
1292 1727 1388 1782 Buch-

127 1814 457 1886 humer-Academica
471 1817 493 1870 1.
507 1817 577 1888 586).
587 1848 613 1856 -

188 1955 267 2023 283.
278 1996 318 2002 —
333 1959 523 2035 (Planctus
539 1961 577 2026 B.
591 1958 805 2044 Merise.-)
821 1957 850 2021 F
864 1967 898 2020 1:
915 1953 1094 2020 Anshelmi
1112 1953 1328 2019 deuotissimi
1344 1955 1387 2019 de

129 2043 300 2129 passione
312 2044 334 2108 J
338 2066 399 2108 esu
412 2045 530 2109 christi
545 2043 721 2130 querentis
735 2051 770 2108 et
784 2041 1032 2129 gloriosissime
1049 2040 1158 2106 Merie
1174 2040 1319 2126 virginis
1335 2064 1387 2106 re-

130 2129 344 2216 spondentis
356 2131 526 2216 dyalogus
538 2131 664 2217 incipit
676 2131 832 2196 feliciter.
845 2132 874 2195 F
885 2141 916 2194 7:
927 2130 1109 2193 Tractatus
1123 2129 1207 2193 beati
1222 2129 1388 2195 Bernardc'

131 2217 173 2280 dc
185 2218 323 2298 planctu
339 2219 425 2282 braic
440 2220 557 2284 Mario.
575 2219 616 2282 In
632 2217 717 2282 fine:
734 2217 889 2304 Explicit
909 2223 1076 2282 tractatus
1098 2214 1192 2280 beati
1217 2215 1386 2280 Bernerdi

132 2303 178 2368 de
196 2304 342 2390 planctu
357 2305 458 2368 beate
473 2305 582 2370 Mario
600 2303 753 2390 virginis.
767 2345 794 2352 -

191 2406 226 2461 10
236 2407 265 2462 ii'.
278 2407 352 2462 3311.
367 2409 430 2463 sine
444 2407 504 2462 ulle.
515 2414 595 2464 note.
605 2441 629 2448 —
639 2408 743 2480 (Cetei.
755 2408 840 2478 Lille,
853 2407 955 2462 Theoi.
967 2408 1002 2462 N.
1013 2407 1072 2462 321.
1086 2423 1112 2476 p.
1130 2405 1199 2476 150).
1208 2437 1234 2444 -

191 2546 270 2614 284.
281 2587 320 2594 -
335 2549 524 2634 (Planctus
539 2550 577 2615 Β.
592 2548 638 2615 Μ.
647 2550 684 2616 V.
694 2550 749 2632 ——)
767 2547 794 2610 F
808 2559 835 2611 l.
851 2545 1047 2611 Ausshelmi
1065 2545 1101 2630 (l)
1117 2542 1332 2608 devotissimi
1347 2544 1390 2608 de

134 2634 302 2720 passione
326 2635 413 2700 Jcsu
436 2634 556 2699 christi
581 2634 756 2720 querentis
780 2643 815 2699 et
837 2631 1086 2718 gloriosissime
1110 2630 1218 2695 Merie
1243 2630 1387 2716 virginis

135 2721 383 2808 respondentis
397 2722 568 2808 dyalogus
581 2721 704 2807 incipit
716 2721 873 2786 feliciter.
887 2721 915 2785 F
927 2732 991 2784 ssvo
1002 2743 1008 2784 :
1019 2719 1201 2784 'licetstus
1214 2719 1296 2782 beati
1305 2719 1386 2782 Ber-

135 2809 237 2879 nardi
251 2810 288 2874 de
294 2809 429 2890 planctu
441 2809 528 2874 bcatc
538 2811 645 2874 Mario
653 2808 808 2894 virginis.
822 2806 930 2892 [Qluis
944 2806 1041 2871 dubit
1054 2805 1157 2891 cupiti
1172 2827 1249 2870 meo
1263 2827 1387 2889 equam

136 2905 173 2958 et
190 2893 301 2960 oeulis
319 2896 425 2982 (etc),
441 2897 470 2960 F
484 2907 532 2961 10.
550 2895 704 2982 Explicit
719 2905 887 2960 tractatus
901 2893 994 2957 beati
1006 2892 1174 2957 Bernerdi
1189 2893 1231 2956 de
1243 2892 1388 2977 planctu

137 2983 242 3046 beate
258 2981 367 3047 Marie
383 2982 539 3068 virginis.
553 3022 579 3030 -

191 3087 229 3139 4⁰.
243 3085 276 3140 10
285 3085 316 3142 ff.
326 3103 394 3140 cum
406 3089 480 3156 sign.
493 3088 557 3142 sine
569 3104 648 3142 num.
663 3093 693 3140 et
705 3089 789 3154 cust,
803 3083 836 3137 33
848 3083 878 3140 ll.
892 3084 935 3138 ch.
946 3081 1217 3154 goth—(inconst.
1228 3080 1280 3135 der
1288 3097 1389 3150 gross-

137 3174 270 3245 herzogl.
284 3173 359 3229 Bibi.
372 3176 401 3228 in
415 3174 592 3244 Oldenburg.
607 3173 776 3247 [Serapeum
786 3171 867 3226 XIV.
879 3190 906 3243 p.
920 3171 961 3224 92.
975 3171 1010 3224 N.
1025 3170 1082 3224 102.
1096 3167 1137 3242 cl.
1149 3201 1172 3207 -
1183 3168 1302 3239 Mylius,
1316 3165 1391 3222 Bibl.

137 3262 207 3318 Jen.
220 3261 245 3316 1.
261 3262 330 3334 los).
340 3293 366 3302 -

195 3403 271 3472 285.
282 3443 323 3451 —
338 3405 479 3490 (Sermo
493 3405 537 3472 (le
552 3403 698 3472 nomine
709 3404 801 3471 Iesu
812 3405 840 3466 et
855 3401 933 3465 alia.
943 3400 998 3485 —-)
1014 3399 1046 3462 S.
1060 3397 1226 3462 Bernardi
1237 3417 1337 3462 sermo
1352 3397 1390 3460 dc

139 3491 280 3643 {msice
301 3492 403 3557 Jesu.
426 3493 536 3556 Oratio
563 3491 608 3555 ad
634 3491 746 3556 desum
772 3489 953 3574 cruufixum
981 3493 1016 3550 et
1039 3487 1172 3551 homilis
1198 3485 1236 3547 de
1261 3484 1386 3548 immine

181 3601 310 3738 ‘iiiiiiiire
321 3687 400 3736 nota.
410 3713 435 3721 -
446 3679 530 3752 (Bibl
544 3677 583 3734 du
595 3679 671 3750 Roy,
686 3677 778 3734 Cetal.
788 3677 890 3734 Theoi.
903 3678 927 3732 Ι.
941 3677 972 3734 C.
986 3675 1042 3731 sub
1054 3675 1088 3731 N.
1103 3675 1214 3730 loss-
1224 3673 1302 3728 Hist.
1316 3671 1386 3728 Litt.

139 3769 176 3824 de
189 3768 219 3824 le
231 3768 345 3824 Frence
357 3767 443 3823 xm.
455 3768 516 3822 221.
529 3771 576 3822 An
588 3766 700 3822 soeculi
713 3766 769 3820 XV
775 3765 808 3837 Ρ).
818 3797 843 3805 -

200 3911 278 3980 286.
287 3950 329 3958 -
339 3913 546 3996 (Sermones
558 3929 670 3996 snper
679 3907 901 3992 CantIce.-)
916 3904 948 3970 S.
957 3903 1122 3969 Restat-di
1131 3902 1293 3968 Sermones
1301 3921 1394 3982 snper

144 4001 281 4066 Curetim
300 3998 512 4064 (leuticorum.
527 4035 554 4044 -

193 4103 257 4159 Fol
272 4105 336 4158 siue
347 4107 428 4156 note.
438 4131 463 4140 —
473 4099 586 4170 (Derris,
598 4097 699 4170 Suppl.
713 4097 746 4152 N.
756 4095 835 4152 4373.
845 4127 870 4135 -
880 4095 959 4150 Heln
970 4094 1004 4149 N.
1018 4093 1095 4148 2855.
1106 4123 1130 4132 -
1140 4091 1219 4145 Hist.
1228 4089 1299 4144 Litt
1313 4087 1349 4143 de
1365 4089 1394 4143 le

141 4191 255 4246 Frsnce
263 4189 349 4246 xm
358 4189 419 4244 221.
429 4219 454 4228 -
464 4189 586 4258 Pensm,
596 4188 671 4241 Ann.
681 4192 742 4257 typ.
752 4184 802 4239 IV.
813 4186 854 4239 95.
867 4183 901 4238 N.
914 4179 1191 4249 liss.—Weislinger
1200 4177 1293 4233 Catel.
1304 4175 1357 4246 23).
1367 4206 1393 4215 -

194 4333 271 4403 287.
280 4372 323 4380 -
333 4333 495 4418 (Sertnm
503 4333 591 4400 RN.
600 4332 637 4398 V.
648 4329 704 4414 -—)
716 4329 745 4391 F
759 4339 791 4392 1:
804 4324 934 4412 Incipit
944 4323 1176 4390 sniumbeutae
1185 4319 1316 4383 Mam
1327 4316 1393 4379 sir-

140 4425 227 4506 qinis
240 4473 247 4486 .
261 4420 356 4505 quod
374 4426 485 4484 metro
506 4416 695 4505 spondaico
718 4423 753 4479 et
775 4412 924 4478 iambico
946 4407 1143 4497 composuit
1162 4407 1270 4471 beatus
1289 4403 1392 4499 Beris

141 4511 264 4576 lardus
277 4508 320 4572 de
335 4505 588 4593 quinquaginta
608 4501 743 4569 rosulis.
765 4499 862 4578 Quod
885 4497 1082 4583 quicunque
1103 4495 1230 4559 deuote
1250 4491 1391 4588 legerit.

143 4607 178 4662 et
191 4617 254 4684 per
266 4595 386 4660 XXX.
400 4594 474 4658 dies
487 4585 905 4659 continuaveritnouerit
920 4607 957 4649 se
974 4589 1197 4668 accepturum
1208 4629 1214 4643 .
1225 4574 1392 4663 quicqmd

143 4705 163 4748 e
177 4681 314 4772 prefate
329 4681 386 4746 dei
400 4679 570 4766 genitrice
585 4674 824 4766 postulauerit.
