3352 5280
182 1429 247 1546 In
271 1427 711 1578 Bibliographiam
735 1427 1105 1546 Bernardinam
1128 1431 1437 1550 Introductis

803 1905 822 1970 Ι

524 2077 583 2152 De
612 2075 812 2169 Operibus
839 2076 877 2150 8.
899 2075 1103 2152 Bernardi

296 2255 448 2385 Septem
464 2304 500 2363 et
515 2297 608 2383 quod
625 2296 763 2362 excedit
777 2296 936 2382 saeculis,
953 2320 1041 2384 quae
1059 2321 1079 2364 a
1094 2299 1127 2365 S.
1139 2300 1306 2366 Bernordi
1324 2299 1439 2367 Clara·

185 2385 338 2452 vallensis
357 2385 456 2451 obitu
477 2385 595 2471 elapsa
614 2390 704 2468 suut,
724 2391 875 2450 testante
895 2385 961 2450 bac
979 2385 1266 2470 ,Biblioqropbiffl
1284 2387 1439 2453 omnium

183 2471 348 2558 gentium
364 2472 548 2538 cultiorum
567 2478 602 2536 et
618 2469 877 2537 confessionum
893 2471 1160 2538 christianarum
1174 2471 1241 2538 viri
1258 2473 1389 2560 pietate
1404 2483 1440 2541 et

184 2557 384 2625 eruditione
409 2557 589 2646 conspicui
613 2558 655 2623 de
678 2557 807 2642 indole,
830 2559 1055 2644 praestantia,
1080 2559 1287 2626 auctoritate
1311 2583 1439 2644 operum

185 2644 267 2732 ejus
289 2646 350 2712 tali
373 2645 516 2731 ingenio
539 2652 704 2731 tantaque
729 2643 831 2732 eopia
852 2645 1098 2731 disseruerunt,
1122 2654 1162 2711 ut
1184 2654 1339 2714 nostram
1361 2671 1438 2714 sen-

185 2731 334 2798 tentiam
347 2771 374 2780 -
388 2733 472 2798 licet
485 2732 595 2798 multa
609 2732 760 2798 lectione
776 2731 946 2797 firmatam
955 2733 1035 2798 -de
1051 2732 1094 2798 iis
1111 2753 1284 2821 exponere
1297 2757 1438 2822 prorsus

184 2819 312 2884 inutile
328 2819 382 2884 sit.
407 2819 445 2884 Si
462 2819 520 2904 qui
538 2841 580 2884 ex
599 2821 759 2886 historicis
773 2857 799 2868 -
814 2826 908 2885 certo
925 2819 1126 2905 paucissimi
1137 2858 1171 2870 -
1185 2827 1220 2886 et
1236 2821 1318 2887 olim
1334 2821 1439 2888 exsti-

185 2913 308 2972 tersmt
325 2927 438 2992 neque
459 2905 564 2972 hodie
584 2905 719 2982 desunt,
743 2905 802 2991 qui
819 2906 862 2971 de
882 2907 974 2974 rebus
989 2929 1009 2972 a
1022 2929 1149 2993 magno
1163 2945 1189 2956 -
1203 2906 1273 2973 imo
1288 2908 1438 2976 maximo

187 2992 252 3058 illo
279 2993 418 3060 homine
439 2995 537 3077 pestis
559 2992 744 3077 benignius
768 2992 997 3078 judicassent,
1024 2992 1131 3060 sisui
1155 2995 1232 3060 aevi
1280 2993 1438 3061 ontifioes

187 3079 408 3158 debellasset,
437 3079 652 3145 adversarios
680 3087 796 3144 autem
822 3080 997 3145 revelatae
1023 3081 1180 3146 veritatis
1210 3017 1437 3149 delendisset:

186 3165 226 3230 in
243 3165 481 3232 existimandis
496 3169 626 3248 scriptis
642 3165 717 3252 ejus
733 3189 823 3232 unus
839 3165 994 3232 omnium
1009 3167 1151 3233 laudum
1167 3174 1358 3234 concentus
1376 3176 1438 3253 est,

186 3251 240 3318 ita
253 3253 400 3338 quidem,
416 3261 456 3318 ut
470 3253 537 3340 ipsi
551 3251 807 3319 confessionum
824 3253 1095 3319 acatholicamm
1111 3255 1263 3320 asseclae
1275 3255 1439 3342 dogmata

186 3361 254 3404 sua
275 3339 355 3405 inde
380 3340 535 3406 derivare
559 3361 678 3405 eorum
702 3362 746 3404 ue
770 3361 836 3426 ope
860 3339 1015 3405 stabilire
1038 3341 1238 3427 -quamvis
1260 3341 1390 3408 frustra
1404 3381 1438 3392 -

188 3429 413 3493 conarentur!
431 3426 550 3494 Rebus
566 3425 616 3492 sio
633 3449 670 3492 se
680 3361 896 3492 labentibus
912 3426 1132 3494 laudatorum
1146 3428 1311 3495 Doctorie
1326 3428 1438 3494 Melli-

185 3512 252 3578 flui
268 3513 407 3599 agmina
422 3536 549 3601 augere
563 3514 723 3578 nolentes
740 3512 782 3578 ad
797 3534 873 3578 eem
889 3521 1023 3600 partem
1037 3514 1191 3580 thesauri
1207 3514 1309 3582 nobis
1324 3515 1438 3582 relicti

189 3609 442 3686 convertamur,
471 3600 570 3688 cujus
594 3599 797 3684 diligentem
820 3599 1090 3688 descriptionem
1115 3601 1195 3668 libri
1221 3602 1333 3668 nostri
1358 3601 1438 3668 finis

187 3710 226 3753 re
253 3687 345 3753 uirit.

229 3710 252 3772 q
296 3775 446 3862 Operum
463 3773 497 3840 S.
513 3773 684 3839 Bemardi
701 3772 852 3840 editores
873 3773 1106 3840 distinxerunt
1124 3774 1299 3861 hodieque
1316 3774 1438 3841 distin-

188 3867 304 3946 guunt
319 3863 467 3944 omuino,
491 3861 590 3927 dubio
613 3865 640 3924 et
662 3863 876 3944 supposititia,
903 3861 1055 3926 medium
1077 3862 1194 3928 locum
1216 3861 1260 3928 iis
1283 3861 1438 3928 tribuen-

188 3957 255 4029 tes,
278 3969 366 4032 quae
388 3948 444 4013 vel
468 3971 510 4012 ex
533 3947 632 4013 libris
652 3945 725 4012 divi
743 3947 810 4013 viri
830 3947 1024 4035 composita
1043 3949 1142 4034 quasi
1160 3948 1313 4034 genuina
1333 3971 1438 4037 appa·

187 4040 268 4099 rent
290 4035 345 4099 vel
369 4034 444 4133 ejus
463 4034 601 4100 dicendi
620 4055 730 4119 genus
751 4033 1008 4100 accuratissime
1031 4035 1167 4102 imitata
1186 4035 1301 4123 ipsum
1320 4044 1438 4104 auoto-

188 4143 263 4186 rem
284 4119 447 4186 habmsse
469 4121 643 4186 videntur.
667 4119 796 4184 Verum
820 4143 897 4186 cum
920 4144 983 4208 per
1005 4129 1059 4188 tot
1082 4123 1221 4190 saecula
1244 4145 1288 4188 ne
1312 4123 1437 4188 acerri-

188 4207 255 4272 mis
275 4207 414 4292 quidem
433 4206 582 4292 ingeniis
603 4205 817 4304 contigisset,
839 4215 877 4272 ut
893 4206 999 4274 dubia
1018 4209 1061 4274 de
1082 4209 1197 4276 dubiis
1214 4209 1438 4310 dispellerent

190 4303 294 4378 atque
314 4294 476 4359 simulata
495 4315 511 4359 s
536 4293 680 4378 uriaque
699 4314 736 4357 m
756 4315 838 4358 vera
858 4302 1118 4362 converterent:
1144 4318 1207 4363 nos
1227 4296 1341 4362 missis
1362 4295 1437 4382 ejus

188 4381 284 4447 modi
301 4317 582 4450 distinctionibus
597 4377 735 4446 nonnisi
745 4383 883 4463 ceruina
900 4381 934 4446 S.
944 4382 1113 4448 Bernardi
1129 4405 1236 4472 opera
1250 4384 1351 4469 eique
1363 4405 1436 4466 eup-

182 4470 294 4551 postu
316 4467 554 4551 discernimus,
582 4488 728 4554 quorum
750 4466 868 4554 priora
890 4469 1055 4556 temporis
1083 4491 1152 4558 quo
1181 4478 1320 4536 exarata
1346 4478 1437 4555 sunt,

189 4555 386 4642 posteriora
407 4555 585 4621 literarum
609 4553 740 4637 ordine,
765 4561 805 4620 ut
827 4555 998 4622 electore
1019 4557 1155 4624 facilius
1182 4577 1435 4643 recognoscan-

190 4651 258 4726 tur,
282 4641 516 4728 disponemus.

243 4757 316 4798 Xeula
329 4756 470 4797 Bernardlna
483 4755 521 4796 lv.
535 4754 703 4804 Bibliczrapffla
716 4754 856 4794 Bernardlua
1265 4764 1280 4819 Ι
