3352 5280
703 447 856 551 ‚3213

149 643 309 712 doctoris
328 641 485 710 melliflui
505 642 622 709 verbis
641 665 712 710 non
731 665 854 731 pamm
874 641 1003 726 ditetis,
1023 641 1111 707 nihil
1132 639 1303 708 dicamus:
1327 663 1404 731 per-

148 731 285 796 multae
307 733 391 798 vitoe
410 729 485 817 ejus
508 729 613 797 variis
635 730 814 796 hominum
841 728 1027 816 generibus
1050 736 1086 794 et
1105 728 1277 796 aetatibus
1300 730 1405 796 desti-

148 829 269 902 natae,
292 839 364 884 uon
382 825 517 883 tantum
535 816 713 884 breviores
734 819 794 884 sed
818 816 922 882 etiem
938 815 1096 902 majores,
1112 815 1149 880 in
1166 815 1281 882 lucem
1297 838 1404 882 emer-

149 913 286 988 serunt,
302 903 452 972 fontium
467 903 718 970 studiosissime
734 904 1022 989 investigaturum
1039 909 1145 968 testes
1161 902 1405 990 perfectaeque

150 997 277 1077 (quam
300 991 548 1075 desideramus)
570 990 737 1058 historiae
760 991 795 1056 S.
818 989 988 1056 Bernardi
1010 1008 1262 1076 praecursores,
1286 991 1405 1076 quales

150 1099 385 1166 composuere
407 1078 475 1143 viri
498 1077 679 1143 clarissimi
704 1078 745 1144 G.
770 1077 976 1160 Ohevallier,
1001 1097 1093 1142 anon
1154 1099 1194 1143 us
1213 1077 1405 1143 monachus

148 1164 367 1249 Lerinensis,
388 1165 411 1231 J
413 1164 543 1230 acobus
560 1165 680 1230 Cotter
693 1165 859 1247 Morison,
872 1165 1051 1249 Augustus
1101 1164 1229 1229 eander
1244 1171 1279 1229 et
1293 1165 1405 1230 Theo-

150 1251 264 1318 dorus
277 1253 494 1318 Ratisbonne
512 1291 538 1301 -
554 1273 700 1336 quorum
715 1251 948 1340 posteriorum
962 1250 1043 1316 libri
1067 1249 1104 1315 in
1128 1250 1309 1336 anglicam,
1333 1250 1405 1317 bel·
1423 1327 1425 1334 Ι

148 1338 282 1424 gisam,
322 1339 469 1424 allicem,
481 1339 724 1424 germanicam,
737 1338 791 1405 his
819 1339 962 1420 enicem,
975 1337 1128 1403 italicam
1143 1337 1299 1423 linguam
1314 1338 1405 1404 versi

149 1433 256 1508 sunt;
317 1425 470 1512 jicimus,
488 1447 575 1510 quae
590 1425 762 1512 Georgius
809 1425 898 1490 tiffer
917 1424 1146 1490 etEduardus
1158 1424 1365 1490 Vacandard
1377 1465 1404 1474 -

150 1511 350 1597 exquisitae
374 1512 552 1578 doctrinae
573 1513 732 1578 homines
748 1551 782 1562 -
797 1533 958 1598 magnam
982 1511 1017 1576 S.
1033 1510 1203 1592 Bernardi
1224 1511 1406 1578 historiam

149 1599 375 1684 meditantes,
396 1621 484 1685 quae
501 1598 693 1664 doctissimi
712 1599 778 1664 viri
799 1599 836 1664 C.
852 1599 891 1665 L.
908 1599 947 1664 F.
963 1598 1123 1680 Dauuou,
1141 1598 1284 1665 Carolus
1304 1599 1329 1665 J
1330 1619 1405 1665 ose·

148 1686 248 1774 phua
271 1686 395 1751 Hefele
425 1686 658 1773 permultique
682 1686 740 1752 alii
771 1709 885 1751 rerum
908 1692 1084 1772 gestarum
1107 1685 1294 1772 scriptores
1316 1685 1358 1750 de
1378 1709 1405 1752 s.

149 1773 296 1860 patroni
317 1772 429 1839 nostri
452 1772 539 1838 actis
553 1781 634 1859 post
648 1772 919 1860 profundissima
933 1772 1049 1837 studia
1065 1772 1260 1838 ediderunt!
1285 1771 1406 1858 Neque

150 1860 298 1926 silentio
321 1859 508 1946 praeterire
531 1861 615 1924 licet
633 1862 840 1944 panegyricos
854 1883 874 1924 a
888 1858 1146 1924 facundissimis
1161 1858 1266 1946 hujus
1282 1859 1407 1925 aetatis

151 1946 353 2014 oratoribus
369 1947 404 2012 S.
416 1947 595 2012 Bernardo
616 1947 739 2032 dictos,
760 1945 1058 2032 frequentissimos
1078 1952 1246 2012 tractatus
1267 1947 1309 2012 de
1331 1946 1406 2033 ejus

151 2033 347 2120 theologia,
377 2033 598 2120 philosophia
621 2041 656 2098 et
681 2033 892 2120 eloquentia,
921 2033 964 2098 de
991 2032 1240 2118 antiquissimis
1264 2054 1407 2121 operum

150 2119 377 2186 versionibus
401 2143 587 2205 earumque
610 2119 727 2186 indole
744 2128 809 2186 etc.
826 2128 984 2186 exaratos
1008 2127 1044 2185 et
1089 2119 1267 2186 raesertim
1284 2141 1407 2208 appro-

151 2208 349 2295 pinquante
373 2229 463 2273 anno
485 2207 652 2273 saeculari
672 2207 864 2273 nativitatis
879 2207 914 2273 S.
929 2143 1099 2272 Bernardi
1115 2205 1407 2294 multiplicatos-

152 2303 267 2360 testes
298 2295 486 2360 immensae
509 2295 754 2379 venerationis,
783 2317 851 2381 qua
881 2294 981 2360 divus
1005 2294 1058 2360 vir
1087 2293 1216 2380 ubique
1238 2301 1407 2361 terrarum

152 2381 295 2447 fruitur.
319 2379 388 2446 Sed
411 2389 553 2468 propter
575 2381 638 2448 hos
667 2381 990 2468 ,Bibliographiae“
1015 2381 1162 2446 lectores
1186 2381 1230 2446 ad
1255 2381 1407 2448 indicem

152 2468 414 2534 Bernardinum
433 2467 651 2534 remittimus.
669 2508 695 2518 -

264 2555 319 2620 Ex
335 2554 437 2621 dictis
453 2563 560 2642 patet,
580 2554 683 2621 nobis
702 2563 784 2642 post
800 2555 1084 2641 diligentissimae
1102 2554 1346 2642 inquisitiones
1362 2577 1406 2621 ex

154 2641 373 2708 editionibus
386 2641 535 2740 Operum
548 2643 583 2708 S.
596 2642 765 2708 Bernardi
781 2642 862 2707 inde
880 2641 923 2707 ab
939 2641 1040 2708 initio
1057 2641 1186 2708 saeculi
1199 2641 1286 2706 XVI
1297 2663 1407 2794 usque

155 2728 205 2794 ad
224 2739 363 2794 nostros
387 2729 517 2794 diesin
541 2729 654 2794 lucem
678 2729 811 2794 emissis
835 2729 923 2814 CIV,
944 2752 1005 2794 seu
1026 2728 1184 2794 deductis
1203 2729 1327 2794 XXVI
1370 2753 1408 2795 u·

154 2814 227 2880 biis
252 2815 391 2882 omnino
413 2825 524 2881 certas
546 2817 737 2882 LXXVIII
763 2816 955 2882 innotuisse
979 2837 1165 2901 eorumque
1184 2815 1409 2903 praestantis·

155 2901 283 2968 simam
306 2924 381 2968 esse
404 2901 689 2970 Mabillonianam
713 2903 794 2969 anni
825 2913 918 2986 1690,
940 2903 1161 2991 postmodum
1188 2909 1325 2968 auctam
1346 2903 1409 2970 ho·

156 2989 285 3074 dieque
315 2989 427 3054 adhuc
449 2990 639 3072 valentem;
667 3011 770 3078 porro
798 2991 942 3056 eandem
963 2991 1006 3055 ad
1028 2992 1103 3057 sola
1129 2990 1280 3076 genuina
1303 3011 1409 3077 opera

155 3076 336 3142 redactam
358 3075 538 3162 tribusque
561 3077 663 3143 tomis
686 3078 816 3142 tonnae
840 3077 983 3142 minoris
1007 3077 1053 3142 im
1078 3099 1209 3142 ressam
1236 3099 1321 3142 esse.
1349 3075 1407 3143 Sic

156 3171 244 3228 voto
258 3162 437 3228 Bertrcndi
455 3163 575 3229 Tissier
594 3163 732 3250 (prioris
752 3164 983 3231 Boni-Fontis
1007 3164 1043 3228 in
1092 3163 1250 3230 herascie
1269 3163 1407 3230 Ordinis

157 3248 412 3334 Gisterciensis,
438 3253 497 3335 qui
521 3250 596 3337 ipse
616 3272 742 3316 novam
766 3250 916 3349 Operum
940 3251 1128 3316 editionem
1150 3250 1408 3402 meditabaturq,

158 3335 344 3421 conquesti
365 3337 470 3423 (apud
487 3336 692 3403 (lasimirum
714 3337 828 3402 Oudm
844 3338 880 3402 in
897 3338 1088 3404 comment.
1106 3338 1148 3402 de
1163 3336 1305 3436 Scriptt.
1323 3359 1407 3404 ece.

157 3422 207 3490 H.
231 3430 345 3509 lant:
368 3445 429 3508 ,eo
449 3423 564 3489 miuus
583 3425 654 3510 legi
674 3445 779 3512 opera
797 3425 841 3489 D.
862 3423 1042 3508 Bernardi,
1063 3445 1131 3510 quo
1152 3424 1274 3490 alienis
1296 3423 1409 3510 magis

159 3518 436 3596 aggravareutur
465 3517 500 3576 et
529 3519 714 3593 tumerent,
746 3534 766 3576 a
793 3511 919 3596 quibus
943 3511 1126 3598 purganda
1152 3519 1278 3596 essent,
1307 3519 1409 3577 utet

159 3595 361 3682 legentibus
389 3598 542 3662 taedium
569 3597 751 3663 tolleretur
777 3607 813 3662 ot
840 3599 1027 3664 ementium
1055 3598 1223 3685 pecuniae
1250 3621 1408 3684 parcere·

159 3693 228 3766 tur,
251 3683 355 3770 pretii
379 3684 522 3750 dimidia
543 3685 616 3748 fere
639 3692 736 3772 parte
759 3685 959 3750 imminuta“
973 3685 1235 3751 -satisfectum
1258 3685 1408 3770 quidem,

160 3770 224 3836 sed
246 3793 411 3836 numerus
434 3779 548 3837 tomos
570 3771 650 3837 illos
673 3772 862 3857 legentium
889 3771 1030 3838 minime
1058 3780 1181 3838 auctus
1209 3779 1270 3837 est.
1299 3771 1408 3859 Cujus

159 3857 212 3923 rei
240 3859 329 3924 ratio
356 3857 442 3922 haec
468 3857 569 3924 nobis
597 3881 672 3924 esse
699 3859 847 3944 videtur,
874 3861 978 3946 quod,
1006 3883 1084 3924 oum
1105 3857 1314 3924 vetustiores
1338 3859 1409 3923 edi-

160 3944 276 4010 tiones
292 3953 392 4010 vasto
408 3953 576 4032 apparatu
591 3953 626 4010 et
642 3946 856 4011 voluminum
875 3948 1028 4033 pondere
1050 3948 1272 4029 deterrerent,
1290 3967 1409 4010 recen·

161 4031 270 4098 tiores
293 4039 436 4118 propter
459 4031 632 4097 delectum
657 4033 769 4098 omnis
792 4033 936 4098 literarii
956 4033 1183 4098 additamenti
1203 4032 1408 4098 eruditiores

161 4119 312 4184 lectores
327 4119 387 4182 vix
406 4117 620 4202 invitabant;
646 4121 737 4185 unde
759 4121 908 4184 mediam
924 4120 1022 4206 quasi
1037 4120 1130 4185 viam
1146 4119 1408 4206 ingrediendam

164 4213 271 4292 atque
296 4227 422 4270 novam
451 4205 639 4272 editionem
666 4207 731 4272 hac
758 4208 891 4273 ratione
919 4217 954 4272 et
979 4206 1037 4272 via
1067 4207 1301 4272 adornandum
1332 4228 1408 4272 esse

165 4315 186 4358 o
212 4315 360 4358 ruamur.

188 4315 211 4380 p
267 4379 440 4466 Inspectis
458 4379 637 4445 codicibus
653 4401 796 4466 operum
814 4382 848 4444 S.
863 4381 1032 4444 Bernardi
1049 4380 1085 4444 in
1101 4381 1229 4466 Anglia
1245 4387 1296 4464 (et
1310 4403 1409 4468 prae-

164 4467 283 4532 sertim
310 4465 347 4530 in
373 4465 588 4532 bibliotheca
615 4467 956 4554 Oheltenhamiensi)‚
985 4467 1020 4548 in
1047 4467 1218 4554 Hispania
1244 4474 1280 4531 st
1305 4467 1409 4532 Italia

164 4553 356 4618 adservatis
371 4589 406 4602 ·-
420 4561 543 4640 utpote
567 4554 610 4618 ab
634 4553 887 4638 antiquioribus
912 4553 1102 4620 editoribus
1117 4555 1177 4620 vix
1191 4561 1252 4620 aut
1267 4554 1407 4620 omnino

164 4661 234 4706 non
257 4639 434 4724 adhibitis,
458 4645 560 4707 lectus
576 4641 831 4712 Mobillonionus
846 4679 881 4690 -
896 4665 999 4726 quem
1016 4640 1190 4707 emendari
1206 4646 1241 4705 et
1255 4663 1357 4728 posse
1374 4647 1409 4705 et

165 4726 290 4792 debere
322 4749 364 4792 ex
393 4725 572 4792 codicibus
599 4727 640 4791 ad
673 4728 895 4814 ,Sermones“
927 4729 961 4793 in
993 4728 1135 4811 „Xeniis
1161 4727 1406 4794 Bemardiuis“
