3398 5270
867 406 1018 504 ,11-

373 595 449 665 250.
459 635 500 644 —-
511 595 650 680 (Sermo
663 599 706 664 de
715 597 972 668 obsecratione
983 603 1048 662 cte.
1058 597 1113 680 -)
1127 597 1156 662 F
1169 611 1182 661 1
1194 597 1279 662 Tit:
1292 595 1315 664 J
1318 597 1440 662 oannis
1452 597 1579 666 ,Cn'so-

321 681 423 747 stomi
441 683 482 746 de
499 683 768 780 compunctione
785 683 944 766 cordis(.)
968 685 1090 750 Flvo:
1107 685 1285 768 Tabulas)
1308 685 1416 750 Liber
1437 685 1579 771 primus

319 769 374 834 De
392 778 659 855 compunctione
675 769 798 835 cordis.
815 771 921 835 Liber
937 771 1127 836 Secundus.
1144 772 1197 835 De
1214 772 1483 857 ‹nrrnpunctione
1496 795 1579 836 cor-

321 857 385 921 dis.
398 857 451 920 Do
464 855 681 942 reparatione
695 857 792 942 lapsi.
807 857 927 922 Sermo
936 859 1048 922 sancti
1056 859 1080 924 J
1082 859 1204 924 oannis
1215 859 1408 923 crisostomi
1420 860 1464 922 de
1475 860 1580 944 peni·

322 943 440 1007 tentia.
458 944 555 1021 ouon
573 967 674 1008 nemo
691 943 819 1008 leditur
834 945 900 1008 nisi
914 969 934 1008 a
946 945 1060 1032 seipso
1070 946 1107 1026 (.)
1121 945 1242 1010 Sermo
1255 947 1365 1010 sancti
1380 945 1578 1030 Augustini

323 1029 476 1116 episcopi
495 1030 537 1092 de
553 1030 702 1095 lectione
720 1030 848 1095 diuina.
866 1031 974 1096 Sermo
993 1036 1097 1098 sancti
1115 1033 1278 1097 lteraurdi
1301 1036 1339 1098 dc
1361 1034 1580 1098 obseratione

321 1120 462 1184 oratione
469 1118 683 1198 postulatione
694 1123 721 1182 et
732 1121 911 1198 pretiorum
923 1121 1053 1184 actions.
1072 1121 1259 1184 Ilcroordus
1271 1121 1308 1182 de
1319 1126 1435 1200 septem
1449 1122 1580 1184 miso-z·-

323 1205 438 1285 ccrdijs
455 1206 514 1268 dei.
532 1205 665 1286 (Sermo
683 1203 740 1268 illo
757 1204 881 1290 ,incipit
895 1207 917 1270 l'.
933 1217 972 1268 55
989 1207 1011 1271 1.
1027 1218 1082 1270 13:
1103 1207 1293 1290 „Quattuor
1308 1207 1390 1270 mihi
1410 1206 1581 1270 videntur

323 1290 442 1356 orandi
460 1291 613 1373 modos“,
632 1297 666 1354 et
681 1290 738 1354 fin.
763 1293 786 1356 l'.
801 1303 886 1356 atro
911 1293 1004 1358 l.14:
1032 1293 1189 1375 „domine
1213 1293 1290 1358 fons
1338 1293 1487 1357 ictatis“.
1512 1295 1579 1356 Se-

323 1377 441 1462 quitur
456 1377 653 1442 immediate
669 1378 691 1441 l.
711 1389 767 1443 15:
795 1379 867 1462 „De
884 1389 1015 1466 septem
1033 1380 1278 1444 misericordiis
1292 1431 1299 1444 .
1313 1317 1532 1444 bernardum
1549 1419 1578 1426 -

326 1463 599 1550 „Misericordias
623 1464 753 1530 domini
778 1465 813 1529 in
837 1481 994 1532 eternum
1018 1467 1204 1548 cantab0“;
1227 1467 1286 1530 fin.
1301 1467 1322 1530 1.
1337 1479 1376 1531 58
1395 1469 1416 1531 l.
1431 1477 1489 1530 33:
1510 1467 1578 1548 ‚ad

324 1551 465 1615 celestia
481 1551 652 1637 speranda
667 1556 896 1638 presumer·e“.
914 1553 1179 1618 Subtus:Finis.
1196 1593 1220 1600 -

374 1657 411 1709 4⁰.
423 1655 493 1709 5811.
503 1657 536 1708 35
547 1654 585 1720 11.,
596 1656 639 1710 ch.
649 1674 686 1725 g.,
696 1675 761 1709 cum
773 1658 855 1726 sign,
866 1659 930 1711 sinc
940 1664 1014 1712 eust'.
1025 1663 1055 1710 et
1065 1676 1110 1728 pp.
1121 1675 1158 1726 n.,
1170 1659 1233 1711 sinc
1244 1657 1261 1711 l.
1273 1676 1298 1711 a.
1309 1663 1339 1710 et
1349 1663 1368 1710 t.
1380 1675 1407 1710 n.
1419 1659 1454 1726 (c.
1465 1657 1541 1710 1500.
1552 1689 1581 1696 -

323 1741 485 1797 Audill'rcdi
497 1743 559 1798 Cat.
574 1741 710 1797 Casanat.
721 1743 743 1797 I.
758 1744 816 1798 571.
827 1775 853 1784 —
864 1745 934 1798 Brit.
944 1743 1019 1798 Mna.
1031 1743 1124 1800 Catal.
1135 1745 1244 1814 „Berg“
1258 1745 1315 1800 182.
1324 1776 1351 1784 -
1362 1745 1483 1810 Parnes,
1496 1747 1578 1798 Anu.

324 1837 383 1901 typ.
398 1831 450 1884 [X.
465 1830 522 1884 168.
535 1830 570 1886 Ν.
583 1831 624 1886 69.
635 1862 661 1870 -
671 1831 835 1884 Roscnthal
847 1831 938 1885 Catal.
952 1831 994 1883 62.
1007 1831 1042 1884 N.
1054 1831 1112 1885 701.
1122 1863 1148 1871 -
1159 1831 1224 1884 Not.
1239 1850 1274 1884 ex
1288 1831 1421 1886 biblioth.
1436 1833 1578 1902 municip.

323 1918 504 1986 Norimberg.
514 1949 540 1957 -
554 1919 608 1972 Vis.
622 1935 658 1972 cx
671 1917 803 1972 biblioth.
816 1917 904 1988 palat.
919 1917 1103 1989 vindobon).
1112 1951 1140 1958 —

378 2058 453 2126 251.
464 2097 505 2104 ——
518 2059 657 2139 (Sermo
672 2060 715 2126 de
732 2058 991 2126 obsecratione
1006 2064 1034 2123 ct
1050 2060 1128 2123 olio.
1140 2064 1193 2136 -1
1218 2059 1284 2122 Tit.
1297 2081 1303 2122 :
1327 2059 1370 2122 In
1386 2059 1453 2122 hoo
1469 2080 1578 2144 opere

325 2145 546 2210 continentur
560 2144 640 2208 libri
656 2144 843 2230 subscripti
859 2144 1040 2208 videlicet:
1057 2145 1163 2208 Liber
1179 2146 1308 2230 primus
1325 2145 1368 2208 de
1386 2167 1578 2230 compunc-

323 2232 419 2296 tione
437 2231 549 2296 cordis
568 2234 646 2314 (etc.
664 2233 861 2312 51112501.
884 2234 992 2296 Sermo
1008 2235 1111 2297 sorceti
1127 2233 1291 2296 Bernardi
1308 2234 1345 2317 dc
1361 2234 1577 2297 obsecratione

325 2321 464 2384 oratione
479 2320 692 2399 postulatione
711 2323 739 2382 ct
757 2321 937 2400 pretiorum
958 2320 1087 2384 actione.
1114 2319 1305 2384 Bernardas
1325 2321 1363 2383 dc
1383 2325 1500 2400 septem
1516 2322 1579 2383 nci-

325 2407 506 2471 serc'cordic's
522 2407 582 2468 (lei.
602 2406 643 2468 In
659 2405 743 2468 fine:
761 2406 971 2490 Impressum
987 2404 1140 2469 Parisios
1156 2428 1217 2491 pro
1235 2405 1381 2470 Claudio
1398 2405 1422 2471 J
1425 2410 1578 2490 aumar¹)

326 2491 486 2556 librarius
504 2493 541 2576 (l)
559 2499 828 2557 commorantem
844 2493 881 2576 (1)
898 2491 934 2555 in
949 2491 1028 2557 vico
1049 2491 1159 2556 sancti
1179 2492 1293 2558 iacobi
1313 2492 1349 2555 in
1365 2491 1578 2578 intersignio

327 2579 436 2643 sancti
455 2577 590 2642 Claudii
607 2601 715 2665 prope
731 2578 957 2644 mathurinos.
972 2617 998 2626 -

378 2681 411 2734 35
422 2681 453 2734 ff.
467 2681 539 2735 3111.
554 2684 617 2735 sine
630 2699 655 2736 a.
669 2689 699 2734 et
712 2690 731 2735 t.
745 2699 772 2735 n.
783 2713 808 2722 —
819 2681 897 2746 (Not.
911 2699 946 2736 ex
959 2681 1091 2736 biblioth.
1105 2687 1231 2736 monast.
1245 2681 1343 2736 Eremi
1356 2681 1389 2735 Β.
1401 2681 1440 2736 Μ.
1451 2681 1506 2752 V.).
1515 2714 1543 2722 -

377 2768 413 2822 N.
427 2771 436 2822 l
448 2787 454 2821 :
468 2769 504 2822 al.
517 2768 657 2824 Jammar.
668 2800 693 2808 -

682 2947 837 3013 Incertis
854 2947 961 3014 annis
978 2947 1117 3014 saeculi
1132 2947 1206 3013 XV:

381 3083 456 3153 252.
467 3124 508 3131 —
523 3084 775 3154 confabulatio
791 3087 838 3153 ad
853 3106 1009 3170 puerum
1021 3087 1156 3152 Jesum.
1172 3124 1198 3131 -
1210 3093 1248 3147 4⁰.
1261 3092 1277 3144 2
1288 3092 1316 3146 ff.
1330 3091 1407 3144 2811.
1421 3094 1488 3146 sine
1501 3107 1577 3146 cust.

328 3190 402 3258 sign.
415 3206 461 3259 pp.
474 3205 511 3258 n.,
525 3190 588 3242 sine
601 3187 619 3242 1.
633 3206 657 3242 a.
672 3195 701 3242 et
714 3193 733 3243 t.
747 3207 774 3242 n.
783 3219 810 3228 -
819 3189 898 3256 (Not.
913 3207 948 3243 ex
961 3189 1092 3243 biblioth.
1107 3189 1256 3242 Marciana
1267 3187 1425 3258 Veneriis).
1434 3219 1461 3228 -

382 3320 508 3389 255-
523 3321 586 3407 (De
610 3320 919 3412 consideratione.
929 3319 984 3404 —)
1008 3319 1064 3384 Fr
1082 3317 1167 3382 Tit:
1191 3319 1382 3384 Bernartius
1405 3321 1452 3384 od
1476 3321 1582 3402 Enpe-

329 3411 415 3472 niion
423 3429 558 3490 paparo.
583 3408 611 3470 F
622 3419 639 3470 2
657 3406 758 3490 (sign.
775 3406 854 3492 aij‘p
871 3405 1023 3471 Prolatio
1040 3405 1200 3470 bernardi
1216 3405 1273 3491 pis
1290 3406 1456 3470 memorie
1473 3407 1582 3470 clare-

329 3494 492 3559 uallensis
510 3495 552 3558 ad
567 3493 751 3578 eugenium
763 3515 888 3579 papam
902 3494 938 3577 (.)
952 3492 1054 3556 stit
1067 3493 1218 3556 animum
1231 3491 1362 3556 dictare
1376 3496 1483 3577 (eta).
1497 3494 1527 3557 F
1540 3505 1581 3558 58

328 3583 350 3646 1.
370 3593 425 3645 18:
443 3582 598 3667 Explicit
613 3581 701 3644 libsr
716 3580 886 3644 Bernardi
904 3579 945 3642 ad
963 3578 1158 3664 Eugenium
1173 3601 1308 3665 papam.
1322 3618 1348 3626 -

383 3686 418 3739 8⁰.
434 3685 507 3739 5811,
521 3702 548 3739 n.
562 3701 671 3738 numm.
685 3683 716 3736 31
731 3683 760 3737 ll.
775 3683 818 3739 ch.
831 3682 911 3751 goth.
926 3700 992 3736 eum
1006 3685 1089 3752 sign,
1107 3684 1170 3736 sine
1186 3681 1203 3736 l.
1217 3681 1382 3753 (Parisiis‘l)
1398 3700 1424 3735 a.
1438 3691 1468 3736 et
1481 3689 1501 3738 t.
1515 3701 1544 3735 n.
1557 3715 1583 3723 -

331 3773 409 3839 (Not.
424 3789 460 3826 cx
472 3772 604 3825 biblioth.
618 3773 755 3841 municip.
768 3771 923 3842 Eugiton).
933 3802 959 3809 -

384 3903 458 3973 254.
469 3944 510 3951 -
525 3903 588 3990 (De
605 3903 979 3988 consideratione-l
1003 3903 1073 3988 (Fi
1093 3903 1159 3966 Tit.
1177 3901 1298 3985 deest.)
1322 3901 1396 3966 Fa:
1418 3901 1584 3967 Prelbcio

331 3993 482 4056 bernard-i
497 3991 554 4078 pie
569 3990 735 4055 memorie
753 3989 1011 4055 clareuallensis
1027 3991 1071 4054 od
1091 3991 1252 4072 superrima
1269 4011 1402 4070 poponi.
1426 3987 1468 4051 In
1492 3987 1582 4052 fine:

331 4078 486 4164 Explicit
501 4078 591 4142 liber
605 4077 774 4142 Bernardi
791 4077 834 4142 ad
850 4076 1048 4162 Eugenium
1063 4097 1198 4162 papam.
1213 4114 1239 4122 -

383 4181 421 4236 8⁰.
441 4183 472 4234 64
488 4181 517 4235 ff.
537 4181 644 4248 ((1111.
657 4205 685 4227 =
698 4181 731 4234 65
746 4181 786 4250 ff.)
800 4182 832 4234 31
846 4179 876 4233 ll.
890 4181 933 4235 ch.
951 4198 978 4249 g.
998 4197 1064 4234 cum
1083 4182 1165 4249 sign,
1184 4180 1248 4232 siue
1266 4183 1340 4232 eust.
1359 4195 1406 4248 pp.
1425 4194 1453 4229 u.
1472 4177 1490 4230 1.
1509 4194 1534 4232 a
1551 4185 1584 4232 et

334 4277 353 4322 t.
372 4287 399 4324 n.
420 4267 483 4337 (sed
503 4267 564 4322 fors
582 4269 711 4333 Parisiis,
730 4286 767 4324 ex
785 4276 846 4340 typ.
859 4268 879 4322 J
881 4269 983 4322 oannis
996 4269 1083 4323 Petit.
1097 4299 1121 4305 —
1136 4267 1258 4322 Cabinet
1276 4264 1344 4319 hist.
1358 4263 1472 4318 XXIX.
1485 4263 1546 4319 336.
1557 4295 1585 4304 -

337 4355 390 4408 Vis.
411 4372 446 4409 ex
463 4355 596 4409 biblioth.
616 4355 703 4426 palat.
723 4355 893 4423 Menamb-

389 4494 463 4563 255.
473 4536 514 4542 -
529 4498 593 4583 (De
605 4499 903 4566 consideratione
914 4497 1032 4561 etalio.
1043 4494 1099 4578 —)
1112 4494 1165 4557 De
1177 4491 1434 4559 Considerottone
1447 4489 1581 4556 libriV.
1691 4515 1692 4522 ¹

333 4583 490 4665 Apolopio
515 4585 556 4648 ad
582 4583 806 4649 Gufllelmum
831 4583 1002 4648 abbatem.
1026 4581 1208 4646 Tractatus
1233 4579 1275 4643 de
1284 4585 1455 4662 praecepto
1471 4583 1500 4643 et
1516 4579 1584 4648 dis-

327 4673 522 4752 pcnsationr.
540 4671 726 4756 Rotomagi
744 4695 771 4736 c.
792 4681 883 4753 1475.
899 4670 973 4734 sine
991 4669 1062 4733 ulla
1078 4676 1171 4732 nota.
