3316 5258
666 453 817 550 4-71-

111 641 149 698 V.
171 641 213 696 Da
224 643 346 714 inavara
359 643 474 698 claustri
481 661 490 697 .·
507 642 571 715 „Ad
584 641 654 714 quid
666 642 783 714 venisti,
801 641 901 713 frater,
917 641 1060 699 meditare
1073 642 1259 714 frequentar“
1272 647 1327 699 ato.
1339 673 1366 683 -

169 729 314 786 mamm
330 730 368 784 aa
386 730 542 801 roiiyiaaoa:

290 817 339 888 „Si
357 818 403 872 vis
423 833 490 872 ossa
508 817 673 886 coenobita,
694 818 794 888 Hujus
812 819 892 874 vitae
909 820 988 873 viam
1006 819 1084 873 vita“
1104 823 1195 874 ato.—

170 901 338 957 Eaitoiiaiia
356 903 394 957 ad
410 904 544 959 novitios:

308 989 445 1062 „Novitii
464 991 565 1046 dulces
584 993 651 1062 mai,
670 992 799 1047 Plantati
818 994 848 1046 in
867 991 955 1047 domo
974 991 1046 1046 Dei“
1066 999 1156 1048 ota-

169 1075 337 1131 Eaitortatio
354 1077 393 1131 aa
410 1079 614 1134 contritionem.-
632 1079 695 1150 „Tu
714 1081 764 1150 qui
779 1079 862 1148 justa
880 1079 929 1134 val
946 1078 1074 1150 injusto“
1094 1084 1185 1136 oto-

172 1163 411 1220 Tomaaawatam:
429 1164 571 1236 „Quando
590 1173 677 1221 noota
695 1167 782 1222 video
800 1167 830 1220 in
849 1167 939 1222 ohoro
959 1172 1147 1236 conventum,

424 1251 469 1306 Ad
488 1253 606 1308 laudam
624 1253 800 1308 dominicam
819 1253 980 1325 quemlibet
996 1255 1152 1320 Intentum,

417 1341 494 1396 Essa
512 1358 560 1396 mo
578 1341 732 1396 considero
751 1340 789 1396 ad
807 1346 1053 1412 torneamentum,

418 1427 476 1484 Ubi
493 1446 554 1482 non
573 1435 618 1483 est
637 1429 751 1484 licitum
768 1431 811 1484 iro
830 1428 1066 1484 somnolentum“
1086 1433 1177 1484 oto.-

112 1513 168 1568 VI.
186 1513 348 1583 Disputatio
366 1516 437 1570 inter
454 1521 565 1570 mairam
585 1515 720 1583 Gracistzi
737 1521 762 1570 at
782 1517 909 1571 Graiam:

428 1601 533 1672 „Orux,
552 1602 588 1658 do
606 1609 636 1657 ta
655 1601 724 1657 volo
743 1603 890 1674 oonqusri.

428 1687 506 1755 Quid
524 1695 572 1744 ost
589 1688 670 1760 quod
686 1690 716 1742 in
736 1695 766 1744 ta
784 1691 895 1761 rapori“
915 1695 969 1746 ato.
982 1721 1008 1732 -

112 1773 184 1829 vn,
202 1774 240 1828 Ia
257 1773 463 1844 Epiphaniam:
481 1774 681 1846 „Quicumque
699 1774 814 1830 ooalum
833 1777 974 1848 quaeritis

480 1861 570 1918 Oolos
588 1863 618 1916 in
637 1862 731 1916 altum
749 1861 862 1918 tollita“
882 1868 936 1918 sto.
948 1893 974 1904 -

114 1947 199 2004 VIII
217 1949 308 2004 Proaa
325 1949 358 2003 de
374 1950 517 2004 nativitate
534 1949 666 2004 Domini.-

272 2035 499 2108 „Laatabundus
519 2035 632 2091 exultat
651 2035 746 2092 fidelis
764 2037 886 2092 ohorus!
904 2036 1063 2092 Alleluia!“
1083 2041 1138 2092 sto.
1150 2067 1177 2078 -

114 2122 169 2178 IX.
188 2123 344 2193 Epitaphia
362 2124 392 2180 S.
410 2125 568 2180 Malachiae
584 2129 610 2178 et
628 2124 758 2195 Haaoais
775 2125 808 2179 de
826 2123 855 2179 S.
873 2124 986 2181 Victore.
998 2155 1024 2166 -

113 2209 152 2264 X
170 2209 285 2265 Jabiiaa
302 2211 335 2265 de
351 2213 462 2267 aomina
477 2211 561 2266 Jaaa:
579 2211 679 2282 „Jasu,
697 2210 791 2266 dulcis
809 2213 967 2266 momoria“
987 2217 1042 2268 ato.
1055 2243 1082 2254 -

167 2297 282 2353 Jooiias
299 2299 446 2366 Bernardi,
464 2300 505 2354 vei
522 2297 657 2354 Stimulos
674 2299 870 2368 compassionis
887 2299 920 2353 de
937 2299 1047 2356 aomina
1065 2300 1146 2355 Jeme

428 2386 517 2456 „Jasu
537 2385 648 2442 Christi
666 2385 752 2441 colari
770 2387 960 2442 miseratione

427 2473 467 2527 Et
484 2473 594 2528 Mariae
613 2474 735 2544 virginis
753 2475 982 2530 intercessiona“
1001 2479 1055 2531 ato.
1068 2505 1095 2516 ·-
1173 2495 1176 2502 ’

112 2559 169 2614 XI.
191 2560 286 2615 Oratio
303 2560 341 2614 ad
357 2577 445 2615 anam
462 2559 600 2630 quodlibet
618 2559 794 2614 oumbromm
815 2559 919 2614 Christi
931 2561 1064 2630 patientis
1082 2562 1113 2615 ia
1131 2578 1216 2618 oniae.

171 2646 266 2702 Oratio
283 2647 321 2701 ad
339 2647 481 2702 dominam
496 2647 593 2702 ‚Iesum
610 2651 635 2702 ai
653 2648 687 2701 B.
706 2647 843 2702 Mariam:

429 2734 566 2805 „Summa
584 2733 692 2790 summi
711 2741 744 2788 tu
762 2735 860 2790 Patris
878 2737 973 2805 unico,

430 2821 532 2878 Mundi
550 2821 633 2877 fabar
651 2828 681 2878 et
698 2826 795 2877 rector
813 2822 957 2878 fabrioaa“
977 2829 1032 2880 aio.
1044 2853 1070 2864 -

170 2909 265 2964 Oratio
283 2909 316 2963 de
331 2909 484 2979 oratiarum
501 2909 669 2964 ostiorum
689 2909 752 2980 „Ad
770 2908 874 2964 beatae
891 2909 1033 2964 trinitatis

689 2996 892 3067 simplicisque
911 2996 1030 3052 deitatis

721 3083 935 3155 Sompitarnam
951 3083 1091 3154 gloriam“
1111 3089 1165 3140 ato.
1178 3115 1204 3126 -

171 3173 267 3228 Oratio
285 3174 320 3227 B.
338 3172 492 3227 Bmiardi:

273 3260 392 3332 „Dulcis
410 3261 494 3328 Jasu‚
511 3261 542 3314 in
560 3257 740 3330 adjutorium
756 3276 855 3313 meum
873 3258 993 3314 intendo

273 3349 312 3402 Et
329 3366 347 3403 a
365 3350 479 3402 cunetis
497 3347 634 3402 hostibus
653 3353 684 3402 ot
702 3346 839 3417 periculis
857 3363 904 3401 mo
922 3344 1063 3401 dsi'enda“
1083 3351 1137 3401 sto.
1151 3377 1175 3386 -

113 3433 185 3490 XII.
204 3435 365 3490 Bemardas
382 3435 413 3489 ia
427 3451 546 3504 persona
567 3435 684 3488 Christi:
702 3433 827 3504 „Homo‚
845 3433 913 3489 vida
932 3451 1007 3505 quaa
1025 3451 1078 3506 pro
1097 3437 1128 3488 ta
1145 3433 1249 3505 patior,

699 3520 730 3574 Si
749 3525 796 3575 ost
813 3519 897 3574 dolor
915 3521 992 3576 siout
1010 3537 1069 3591 qao
1088 3522 1218 3576 oruoior“
1238 3527 1330 3577 ato.-

169 3609 309 3665 Salutatio
328 3611 360 3665 da
373 3611 504 3680 passione
521 3615 546 3664 ei
563 3611 618 3665 viia
640 3609 750 3676 Christi,
769 3608 805 3665 al.
825 3609 932 3664 Seritam
953 3608 1070 3664 mermi:

394 3697 484 3768 „Avo²
501 3697 577 3753 Jasu
596 3695 738 3766 conditor,
758 3697 868 3751 veritos
888 3701 918 3749 at
935 3697 1005 3764 vita,

393 3784 455 3854 Via,
474 3786 577 3854 virtus,
595 3785 698 3856 gratia,
716 3783 798 3838 salus
816 3783 948 3837 influita“
968 3787 1022 3837 ato.
1035 3813 1061 3822 -

169 3869 304 3926 Piaaoiaa
322 3869 352 3926 S.
370 3871 523 3926 Bemardi:
541 3871 600 3942 „Te
618 3873 700 3925 utin
719 3871 890 3925 memoriam
908 3886 1054 3940 rovooam,
1073 3869 1217 3940 Salvator,

539 3959 611 4013 Mihi
630 3959 860 4027 benignissimus
878 3957 955 4012 adsit
973 3957 1158 4012 consolator‘
1178 3961 1234 4012 ato.
1245 3945 1274 3998 -’

115 4041 202 4097 XIII.
221 4043 305 4100 Liber
322 4045 355 4100 aa
374 4044 503 4099 audatia
521 4045 554 4099 B.
578 4045 707 4115 Virginis.

133 4129 294 4200 Prologus:
313 4131 356 4202 „0
375 4131 474 4186 lumen
493 4149 604 4198 varum,
624 4149 682 4203 quo
701 4132 752 4187 lux
771 4137 818 4188 ost
835 4133 914 4187 thota
931 4131 1060 4188 diarum“
1080 4138 1135 4188 ato.

370 4220 494 4274 Poima:
514 4219 573 4290 „Ut
586 4217 734 4290 jucundas

515 4307 629 4362 Corvus
647 4323 740 4378 aquas

518 4397 669 4450 Aestuaria
687 4393 851 4448 desidorat“
871 4399 925 4448 ato.
937 4423 964 4434 -

116 4477 196 4534 XIV.
215 4481 272 4536 Aoo
289 4481 381 4537 Maria
398 4482 482 4537 Sisila
502 4489 556 4538 ato.
569 4512 596 4522 -

117 4563 182 4622 XV.
201 4566 324 4622 Deliciae
341 4569 451 4624 Manae
469 4570 598 4640 Viryiaia,
617 4569 654 4623 al.
666 4569 780 4623 Jabilaa
799 4567 1292 4624 &munitissimarum
1311 4569 1362 4622 vir-

114 4653 210 4724 oinam
227 4653 260 4708 de
277 4655 402 4710 muas
419 4657 524 4712 deliciis
541 4657 674 4724 ajaadoa:
693 4655 805 4725 „Salva
824 4660 928 4708 sancta
944 4659 1039 4708 mator
1057 4655 1120 4725 Dei,

693 4741 789 4796 Radix
808 4743 895 4810 vitae,
912 4742 1003 4796 robur
1021 4743 1100 4814 spoi²‘
1120 4749 1175 4797 oto.
1187 4773 1214 4784 -
