3398 5270
684 367 835 464 „es-

185 555 261 626 234.
269 596 313 604 -
321 557 501 626 Hem'icue
509 557 555 624 (16
565 557 703 626 Bassia
711 564 832 622 contra
845 554 1115 642 disceptationes
1126 556 1220 642 (etc.)
1231 563 1266 621 et
1274 538 1382 624 contra

129 646 292 710 maculam
303 643 336 708 S.
345 643 515 708 Bomardo
524 645 716 726 impositam.
727 642 946 730 (vinnan.
956 643 1180 726 Argentorati
1192 653 1284 710 1500.
1295 646 1340 710 4⁰.
1355 683 1382 693 -

187 747 278 816 (11616
293 747 327 802 N.
341 747 429 812 8404).
440 779 464 786 —

185 844 498 912 ‘zea-nemisse
506 845 706 913 (16Η66616ε
719 843 849 909 Contra
857 841 1117 930 deceptationes
1127 843 1221 928 (eto.)
1233 850 1268 908 et
1277 850 1385 912 contra

128 933 291 996 maculam
304 932 336 996 S.
346 930 515 996 Beraardo
526 933 718 1013 impositam.
732 931 825 1016 (Vid.
837 931 879 996 N.
887 929 955 1016 47).
967 927 1136 994 Besileae.
1149 931 1196 994 4⁰.
1211 941 1304 997 1500.
1314 971 1340 980 -

184 1035 274 1106 (Hain
289 1035 321 1089 N.
335 1034 424 1102 8405).
435 1067 459 1073 -

186 1131 262 1200 236.
274 1171 312 1178 -
324 1133 497 1216 (Humilia
508 1152 621 1217 super
632 1131 777 1216 „simile
789 1133 866 1200 est“
879 1135 907 1195 cl
921 1132 999 1196 alia.
1010 1131 1067 1215 -)
1079 1130 1216 1216 Regula
1228 1131 1263 1195 S.
1272 1129 1384 1196 Bene-

127 1219 218 1284 dicti
235 1217 393 1301 Abbatis,
411 1239 489 1282 cum
507 1217 725 1305 expositione
742 1217 935 1284 Cardinalis
954 1217 996 1282 de
1012 1217 1274 1282 Turrecremata
1286 1225 1321 1283 60
1331 1241 1384 1284 66·

125 1305 225 1392 gulis
242 1305 276 1370 S.
289 1303 421 1388 Basilii,
438 1305 472 1370 S.
484 1304 674 1390 Augustini
691 1303 1006 1387 601166661661606Ἰ
1024 1304 1141 1390 (quam
1156 1304 1384 1391 posteriorem

127 1393 303 1478 seqnitur)
314 1393 459 1456 Humilia
472 1391 507 1455 S.
518 1392 787 1475 Beruardisapcr
796 1390 1003 1476 quibusdam
1011 1390 1126 1456 verbis
1135 1390 1287 1474 Domini,
1295 1392 1365 1458 vid.
1376 1415 1383 1458 ε

127 1481 247 1544 Simile
261 1484 306 1546 csl
321 1501 449 1560 requam
464 1479 616 1544 coelorum
631 1478 763 1544 homini
778 1477 988 1564 negotiatori
1002 1477 1160 1562 querenti
1175 1478 1284 1544 bones
1296 1501 1384 1545 mar-

125 1568 281 1653 garitas3
298 1587 398 1631 semaa
413 1567 551 1631 ciusdem
567 1587 661 1647 saper
675 1567 778 1632 cerlis
787 1588 797 1630 .·
810 1565 891 1630 Ecce
905 1587 962 1631 aas
975 1565 1161 1646 reliquimus
1177 1572 1252 1651 etc,
1269 1572 1305 1631 60
1320 1569 1384 1649 cpi-

124 1654 215 1720 stola
232 1655 316 1718 circa
330 1659 443 1718 oolam.
466 1652 623 1718 Collecta
641 1658 745 1736 atque
766 1651 926 1718 ordinata
947 1659 1029 1716 sunt
1049 1648 1246 1718 heo'omnia
1263 1675 1326 1739 per
1339 1654 1383 1718 D.

125 1742 188 1808 Jo.
204 1741 323 1806 Franc.
341 1739 538 1804 Brixianam
556 1739 765 1804 monachum
786 1738 1066 1824 congregationis
1083 1739 1117 1803 S.
1133 1739 1157 1804 J
1158 1739 1273 1804 ustine
1294 1740 1384 1806 crdi-

124 1828 213 1893 6166
222 1829 260 1906 (l)
269 1826 379 1891 sancti
393 1825 577 1891 Benedicti
589 1825 631 1890 de
645 1825 866 1892 observantia
876 1827 980 1912 (606),
993 1824 1166 1892 Absoluta
1176 1848 1259 1892 vero
1272 1827 1384 1893 Vene-

123 1914 192 1981 tiis
204 1914 365 1978 felicibus
379 1912 542 2000 auspiciis
556 1912 627 1978 divi
639 1913 790 1978 martiris
800 1911 959 1999 Georgij:
976 1935 1041 1978 nec
1055 1933 1124 1978 non
1137 1913 1384 1980 monachorum

130 2000 290 2068 cenobii:
303 2000 413 2087 ipsius
427 1999 646 2065 invictissimi
661 1999 781 2066 christi
793 1999 914 2064 militis
926 1999 1057 2064 nomini
1068 1999 1173 2086 digne
1187 2000 1382 2089 addicatil.)

128 2089 228 2156 Cura
240 2095 276 2152 60
294 2087 460 2174 impensis
474 2087 603 2153 nobilis
615 2087 681 2152 viri
697 2089 793 2152 Luce
811 2085 952 2173 Antonij
971 2087 1013 2151 de
1031 2086 1163 2152 Giunta
1176 2087 1382 2154 Florentini.

125 2179 219 2242 Arte
241 2183 277 2240 60
295 2174 414 2240 6616601
434 2174 576 2258 ingenio
595 2173 753 2259 magistri
773 2175 795 2240 J
799 2173 921 2239 666616
942 2174 984 2238 de
1004 2173 1114 2260 Spira.
1136 2175 1240 2240 Anno
1260 2176 1382 2241 salutis

128 2261 326 2328 dominice:
343 2258 703 2328 succedendibus
720 2261 954 2348 Aprilis.Deo
970 2261 1110 2347 gratias.
1124 2299 1151 2308 -

186 2367 225 2421 4⁰.
239 2366 283 2420 ch.
300 2365 382 2436 goth.
397 2364 413 2418 2
429 2365 494 2420 coll.
511 2365 542 2418 51
560 2364 600 2432 lt,
616 2381 683 2419 cum
698 2366 773 2435 sign.
791 2370 821 2418 et
836 2366 866 2418 in
882 2365 985 2436 regula
1000 2364 1028 2419 S.
1042 2364 1195 2420 Benedicti
1212 2383 1278 2420 cum
1297 2383 1381 2438 pagg.

125 2471 243 2508 numm.
257 2455 321 2509 6166
340 2459 414 2507 6660.
424 2485 449 2494 -
460 2453 594 2519 (Fossius
607 2453 629 2508 1.
644 2453 704 2507 283.
717 2451 789 2522 305).
801 2484 824 2492 —

184 2549 263 2620 237.
274 2551 500 2634 —(1mitatio
516 2553 556 2618 D.
567 2551 608 2617 N.
621 2551 653 2618 J.
666 2550 701 2618 C.
714 2549 768 2633 -)
781 2549 827 2614 Le
843 2549 939 2614 Livrc
955 2551 993 2614 (16
1008 2551 1199 2615 l'Imilatica
1213 2551 1251 2616 dc
1266 2549 1382 2617 Noslre

129 2639 297 2722 Seiqnear,
319 2636 468 2701 attribue
487 2660 509 2702 a
531 2637 577 2702 St.
594 2637 755 2713 Beraard,
776 2658 822 2701 ou
843 2637 901 2702 eJ
903 2658 968 2700 666
984 2637 1130 2722 Gomon,
1151 2636 1316 2702 translate
1339 2637 1381 2706 de

127 2725 238 2790 Latin
254 2747 297 2789 66
311 2725 340 2788 F
343 2723 489 2811 rancois.
504 2723 602 2788 Paris
618 2724 660 2787 (16
675 2722 909 2810 l'imprimerie
926 2724 968 2787 de
983 2724 1017 2788 16
1032 2723 1118 2790 Noir
1136 2733 1229 2790 1500.
1243 2762 1271 2772 -

184 2827 277 2898 (Hain
289 2827 323 2882 N.
339 2826 414 2880 9123.
429 2826 611 2880 -Maittaire
627 2825 676 2880 IV.
691 2825 748 2878 732.
758 2857 783 2864 —
793 2826 914 2896 Panzer,
930 2828 1005 2882 Ann.
1022 2825 1209 2898 typ.11.335.
1225 2827 1260 2881 N.
1272 2827 1345 2890 607).
1356 2857 1382 2868 -

184 2923 262 2993 238.
272 2925 465 3004 -lModus
481 2925 571 2993 bane
586 2925 744 3005 vivendi,
756 2923 833 3006 pall.
853 2923 903 3008 -)
919 2923 966 2988 Le
983 2923 1122 2988 Traictil
1136 2925 1173 2989 de
1191 2923 1285 2989 Salat
1299 2923 1382 2990 Ber-

127 3013 218 3078 aard
234 3033 370 3096 enuoye
383 3033 405 3076 a
419 3033 457 3077 sa
473 3033 545 3077 sear
566 3017 754 3076 contenent
775 3011 807 3075 la
826 3011 966 3075 maaiere
982 3011 1019 3075 ile
1034 3013 1122 3076 viare
1141 3033 1179 3075 ea
1198 3012 1231 3076 la
1249 3011 1382 3094 religion

127 3097 513 3184 chraslieane.1mprime
533 3120 553 3162 6
567 3097 660 3185 paris
677 3095 856 3162 6166061116
872 3097 1048 3162 samaeus
1067 3097 1108 3162 [n
1124 3097 1193 3162 fine
1203 3101 1226 3184 ε)
1244 3097 1297 3183 oy
1311 3095 1380 3162 fine

127 3188 162 3252 16
175 3185 315 3250 06616016
328 3184 370 3249 (16
380 3185 473 3250 66160
481 3185 638 3250 Bernard
648 3234 673 3249 ..
686 3183 866 3271 ,Imprime
879 3204 899 3247 a
910 3182 1003 3270 paris
1014 3185 1048 3249 16
1127 3185 1145 3248 I
1156 3183 1234 3250 iour
1246 3185 1288 3250 de
1300 3206 1380 3270 may

127 3275 191 3338 166
207 3272 269 3337 mil
283 3272 364 3356 cinq
380 3294 461 3336 cens
477 3293 566 3359 pour
578 3270 721 3336 Maistre
738 3269 872 3335 durand
886 3271 1014 3355 gerlier
1028 3271 1179 3337 libreire.
1193 3310 1220 3320 —

183 3377 216 3431 8⁰
226 3377 296 3430 min.
309 3375 389 3446 goth.
402 3375 478 3430 2411.
490 3407 515 3416 -
528 3373 656 3448 (Socerd,
669 3373 744 3429 Bibl.
757 3373 871 3446 'I'royes
883 3373 964 3430 VIII.
978 3375 1065 3442 2892).
1075 3407 1100 3416 -

184 3472 450 3560 aee-opera.
464 3473 628 3560 Lugduni
647 3477 1103 3556 1500.Fol.-(si001earius
1123 3484 1146 3540 1.
1167 3482 1217 3540 129
1232 3513 1260 3524 -
1274 3482 1380 3554 reliqui

128 3584 233 3631 tacent
245 3575 333 3647 idque
345 3575 483 3646 66661061).
495 3608 519 3616 -

186 3673 316 3742 240.—
325 3675 532 3758 (Sermones
544 3675 583 3742 in
592 3676 752 3744 Cantica.
761 3677 817 3762 —)
830 3677 899 3742 Fl:
914 3675 1008 3764 Opus
1020 3675 1214 3764 preclarum
1225 3673 1381 3740 melliflui

129 3759 315 3826 Doctoris:
338 3769 441 3846 atque
458 3760 655 3826 diuinorum
675 3762 891 3828 solertissimi
908 3764 1136 3830 archanorum
1153 3761 1381 3862 exploratoris

128 3846 215 3912 Diui
225 3847 391 3913 Beraardi
400 3846 664 3914 Clereuelensis:
678 3849 811 3916 Cantica
823 3849 1268 3917 Canticormmmultifanam
1276 3849 1381 3914 inter·

129 3933 314 4021 protentis.

291 4017 397 4086 Serve
414 4021 470 4085 dei
484 4021 661 4087 Bernarde
675 4021 762 4088 meis
776 4045 821 4088 66
838 4024 958 4088 (166666
973 4023 1093 4110 ceptis

291 4108 400 4186 Quem
415 4107 576 4194 precibus
591 4108 698 4174 sacris
715 4110 879 4175 deuotum
893 4109 1034 4177 nomine
1051 4110 1182 4176 dicunt.

289 4194 346 4259 116
361 4217 523 4293 superum
538 4217 665 4281 magno
680 4197 808 4262 rectori
822 4199 921 4263 trade
935 4197 1079 4264 volenti.

289 4282 433 4348 Auxilio
449 4282 547 4348 cuius
564 4291 794 4348 concrescunt
810 4285 927 4350 omnia
944 4308 982 4349 co
1008 4293 1054 4350 06.

289 4369 345 4434 Da
359 4375 459 4457 pater
473 4369 608 4434 ardenti
623 4391 725 4436 seruo
741 4370 801 4455 qui
816 4394 944 4437 numen
961 4307 1093 4438 adorat.

291 4456 461 4542 Gregorio
476 4455 591 4522 fratri:
608 4463 691 4523 nato
707 4458 749 4522 de
764 4457 871 4546 stirpe
885 4458 1057 4526 britanna.

290 4543 446 4610 Artificis
461 4543 578 4630 magni
594 4565 658 4631 pro
675 4545 818 4610 summis
833 4546 995 4612 laudibus
1010 4547 1128 4612 instat.

289 4632 368 4698 Hoc
385 4653 472 4717 opus
487 4630 694 4718 impressum
709 4633 834 4697 reddat
846 4655 910 4719 pro
924 4633 1065 4700 nomine
1080 4633 1202 4700 sancti.

182 4747 256 4788 Konta
271 4746 411 4787 cernuatus
425 4745 462 4786 lv.
478 4745 646 4794 ltlbllogrnphlt
660 4745 800 4785 Bernardtna
1207 4757 1223 4808 5
