3398 5270
849 457 857 462 ,
894 367 954 462 {¹12

301 553 325 608 F
336 551 612 610 OXGI—GXOIIH:
631 555 756 610 Humilia
768 556 800 610 dc
814 557 922 610 ductim
933 557 1079 624 discipulis
1091 557 1254 612 secundum
1266 558 1386 614 Lucem.
1405 560 1476 632 (Hic
1491 566 1551 616 ter·

300 641 430 694 minetur
441 658 510 712 pers
523 642 557 712 Ι).
577 641 717 713 Sequitur
728 643 821 698 Index
834 644 862 715 (4
869 644 900 698 ff.
912 661 941 698 n.
953 647 1084 715 numm).
1093 643 1185 699 Dein:

353 728 413 782 FI:
425 729 566 799 Epistole.
580 729 744 784 FLXIIII:
757 729 792 784 In
804 731 895 786 libros
905 731 938 785 de
950 731 1165 786 emelioratione
1176 732 1331 802 Prologus.
1342 733 1419 804 (Seq.
1429 734 1551 788 'Fracte-

301 817 369 886 tus).
383 816 554 873 FLXXIV:
566 817 602 872 In
615 823 774 872 tractatum
783 818 950 887 depretiaret
960 817 1043 872 libero
1055 819 1170 873 arbitrio
1179 820 1334 888 Prologus.
1343 820 1549 875 FLXXVIH:

299 903 335 956 In
348 909 505 958 tractatum
518 903 551 958 de
561 909 683 973 precepto
696 911 721 958 et
732 905 932 972 dispensatione
945 905 1096 974 Prologus.
1116 905 1324 962 FLXXXIII:
1343 907 1377 960 In
1390 913 1549 962 mactatum

300 991 332 1045 de
344 991 483 1059 dilipmdo
495 991 544 1044 deo
557 991 703 1062 prologus.
720 992 939 1046 FLXXXVII:
957 991 1140 1046 Retraetutio
1154 998 1184 1046 et
1196 993 1400 1048 FLXXXVII
1407 1011 1460 1048 vo:
1480 995 1550 1050 Pte-

300 1078 371 1132 t'etio
388 1081 418 1132 ln
436 1083 593 1134 tractatum
610 1080 642 1133 dc
656 1080 789 1150 proditus
803 1079 966 1134 humilitatis
981 1085 1006 1134 cl
1021 1081 1151 1147 superbie.
1170 1080 1301 1134 FXCII:
1321 1081 1367 1134 Ad
1384 1081 1549 1136 Guilelmum

299 1165 421 1220 attalem
441 1167 646 1220 Oluniucmeem
664 1167 801 1235 apolonie.
821 1167 843 1220 F
854 1167 949 1222 XCV:
970 1167 1060 1234 Super
1076 1168 1227 1236 enunyclio:
1238 1167 1312 1222 Eece
1325 1185 1377 1222 moe
1390 1169 1550 1238 reliquimus

301 1253 393 1307 notizia
406 1253 629 1306 Declamatiomes.
648 1253 671 1306 F
680 1254 733 1309 01:
750 1254 879 1308 Prelirtio
894 1257 922 1307 iu
937 1254 1092 1324 epistolem
1105 1255 1138 1308 dc
1149 1255 1206 1308 eila
1217 1255 1343 1308 solitaria
1354 1255 1392 1308 cd
1398 1259 1504 1325 fratres
1516 1257 1550 1310 de

299 1345 389 1393 monle
401 1341 452 1396 dei.
466 1340 489 1394 F
501 1341 583 1396 CIX:
602 1341 797 1395 Medilaliones
815 1341 1007 1395 deuotissime
1026 1341 1063 1394 ad
1081 1341 1209 1395 humane
1228 1341 1404 1396 conditionis
1424 1345 1547 1413 cogniti·

300 1444 385 1480 onem
399 1426 472 1480 alias
484 1427 558 1481 liber
570 1427 605 1482 de
618 1431 722 1482 eninm.
741 1428 764 1482 F
775 1429 874 1483 cxli:
888 1429 931 1482 De
942 1430 1069 1483 interiori
1080 1429 1159 1483 domo
1172 1429 1202 1482 id
1215 1433 1261 1483 est
1274 1430 1454 1484 conscientie
1466 1429 1547 1484 edifi-

300 1514 400 1569 csnds.
418 1516 442 1568 F
457 1516 569 1570 CXIX:
589 1516 631 1570 De
646 1517 741 1570 ordine
756 1517 807 1570 vite
822 1522 848 1570 cl
865 1533 970 1570 morum
985 1517 1164 1582 institutione,
1183 1517 1256 1570 alies
1272 1517 1308 1570 de
1325 1516 1457 1572 doctrine
1476 1535 1547 1589 pue·

300 1621 399 1658 rorum
419 1610 449 1658 et
467 1607 648 1660 correctione
666 1623 789 1658 morum.
809 1604 989 1659 FOXXIII:
1010 1605 1094 1660 Scala
1112 1606 1301 1660 claustralium
1320 1609 1384 1662 siue
1406 1605 1442 1660 de
1460 1605 1548 1660 modo

299 1689 410 1746 orandi.
423 1692 446 1745 F
458 1691 604 1746 OXXlll:
622 1692 762 1746 Formula
776 1693 902 1746 honeste
916 1694 984 1748 vite.
1003 1691 1027 1745 F
1038 1691 1161 1747 CXXV:
1182 1693 1322 1762 Ejusdem
1335 1696 1457 1749 materie
1470 1700 1547 1748 nole·

299 1779 351 1834 bile
363 1779 560 1834 domna-mmm.
580 1781 602 1832 F
613 1780 736 1834 CXXV:
756 1779 903 1846 Speculum
915 1781 1115 1834 monachorum.
1134 1779 1158 1834 F
1169 1779 1309 1836 CXXVI:
1328 1781 1465 1836 Doctrina
1478 1784 1549 1838 tenti

300 1867 445 1920 Ramardi.
459 1867 616 1922 FGXXVI
624 1884 675 1922 vo:
690 1867 783 1920 Sermo
793 1868 816 1920 t.
827 1867 964 1920 Rmuurdi
975 1869 1004 1920 iu
1019 1866 1303 1922 commendationem
1316 1869 1480 1923 christifere
1491 1873 1548 1924 vir-

300 1956 376 2020 ginis
389 1955 489 2008 Mario.
504 1955 527 2008 F
539 1953 696 2010 CXXVIII
713 1971 807 2024 seqq:
823 1955 963 2008 Semnones
974 1955 1046 2008 vasi
1061 1957 1070 2015 i
1074 1955 1101 2009 S.
1114 1953 1265 2009 Bernsrdo
1281 1957 1420 2026 ascripn).
1434 1957 1548 2013 FCLI:

301 2041 395 2111 Super
407 2042 495 2096 Salus
511 2043 619 2108 regins.
638 2041 661 2094 F
672 2041 712 2096 CI
713 2042 777 2094 JV:
796 2043 926 2109 Epistola
935 2042 1074 2094 Bernardi
1084 2042 1226 2110 Syloeslris
1236 2045 1290 2097 viri
1304 2043 1439 2111 equidem
1452 2045 1548 2098 erudi·

300 2131 422 2182 tissimi:
436 2130 468 2182 de
480 2147 546 2183 curo
560 2135 584 2182 el
595 2129 772 2198 repiminerei
778 2129 941 2198 subtilioris,
954 2131 983 2181 in
996 2131 1125 2199 presenti
1136 2146 1223 2199 opere
1234 2133 1377 2200 apposite,
1392 2139 1549 2202 propterea

300 2215 377 2285 quod
391 2217 525 2269 nonnulli
538 2235 602 2269 erim
615 2221 720 2285 putent
732 2216 825 2270 luisse
838 2233 854 2268 e
868 2221 970 2269 suncto
985 2215 1134 2269 Bernurdo
1148 2219 1350 2286 compositam.

353 2304 418 2374 Seq.
434 2303 576 2358 FI-XL:
591 2305 692 2358 Sermo
707 2303 814 2357 Deuoti
827 2305 920 2373 petris
934 2302 1042 2356 domini
1058 2303 1198 2358 Gillcterli
1209 2304 1324 2360 abbatis
1337 2304 1373 2359 de
1386 2305 1549 2360 Hoileudin

300 2395 328 2446 in
343 2392 450 2461 Anglia
459 2392 544 2460 (etc).
558 2391 699 2444 Sermones
710 2407 791 2458 siper
803 2391 917 2444 Cantica
930 2391 1106 2445 Catilinarum
1116 2392 1152 2445 eb
1164 2409 1198 2446 eo
1211 2393 1277 2447 loco
1289 2411 1347 2462 quo
1361 2393 1466 2448 beatus
1476 2393 1548 2447 Ber-

300 2480 410 2534 nsrdus
423 2487 517 2532 morte
534 2483 695 2549 preuentus
713 2479 827 2531 linierat
842 2477 927 2548 (sim).
947 2479 1027 2549 ch.:
1047 2479 1254 2550 Repertcrium
1271 2497 1440 2534 sennouum
1456 2479 1548 2534 (lille-

300 2567 384 2621 berti.
395 2600 420 2606 -

353 2653 485 2708 Melliflui
503 2655 661 2724 deuel-ique
681 2655 809 2709 doctoris
828 2653 888 2708 diui
904 2655 1043 2708 Beruurdi
1062 2654 1291 2710 Olereuellensis
1309 2656 1445 2710 Abbatis:
1467 2673 1548 2710 sers-

300 2741 386 2813 phion
405 2743 528 2812 scriptu:
548 2743 681 2809 diligenti
700 2761 769 2796 cure
787 2760 853 2795 cum
873 2743 1032 2813 nrcliitypis
1051 2742 1228 2796 bibliothece
1246 2742 1323 2796 dicte
1337 2742 1511 2798 Olnreusllis
1530 2761 1550 2797 e

299 2829 450 2883 nonnullis
462 2830 593 2882 eiusdem
607 2831 712 2884 domus
725 2831 871 2897 roligionis
884 2831 1034 2895 recognita
1044 2847 1077 2882 ec
1090 2829 1263 2900 perpulchre
1275 2831 1304 2883 in
1316 2847 1406 2883 vnum
1417 2827 1548 2884 codicem

300 2915 427 2986 digestu:
448 2923 581 2987 optatum
600 2917 647 2970 bio
666 2917 783 2970 tendum
800 2918 965 2970 sortiuntur
981 2917 1075 2971 finem.
1094 2915 1245 2985 impressu
1260 2918 1289 2970 in
1305 2916 1412 2985 insigni
1428 2915 1547 2986 Lugdu-

299 3006 384 3057 nensi
407 3005 551 3075 emporio:
575 3003 719 3058 irulustria
737 3010 767 3058 et
790 3006 930 3074 impensis
950 3003 1034 3074 probi
1056 3004 1116 3056 vivi
1137 3003 1263 3058 Jounnis
1286 3003 1368 3058 Olein
1391 3003 1547 3058 Alemanni

300 3089 506 3161 chalcographi
520 3097 550 3144 et
564 3091 735 3162 bililiopole:
754 3092 894 3145 Extrema
910 3107 1015 3145 manus
1029 3092 1165 3160 apposita
1177 3091 1234 3143 fuit
1246 3093 1331 3144 Anno
1346 3093 1467 3156 virginei
1480 3109 1547 3161 per-

300 3183 350 3233 tus
362 3178 519 3232 millesimo
533 3181 768 3248 quingentesimo
782 3180 925 3248 vigesimo
937 3179 1031 3232 XIIII
1045 3179 1105 3234 Cel.
1118 3179 1255 3247 Augusti.

352 3266 415 3322 Fol.
429 3269 497 3320 min.
511 3268 581 3321 5811:
595 3285 623 3321 n.
635 3286 746 3322 numm.
759 3271 792 3335 -l-
806 3268 855 3319 194
868 3285 977 3321 numm.
992 3270 1022 3332 ‹l-
1037 3267 1053 3318 4
1066 3284 1094 3319 n.
1108 3283 1218 3321 numm.
1234 3269 1264 3332 4-
1281 3268 1329 3320 154
1343 3283 1451 3320 numm.
1465 3267 1499 3334 -1-
1511 3266 1547 3320 40

299 3373 408 3410 numm.
426 3361 451 3414 ΛΓ
468 3356 524 3408 bn.
538 3373 646 3410 numm.
661 3381 691 3400 =
705 3355 793 3410 essu.
811 3373 877 3408 curn
892 3357 974 3408 incis.
988 3357 1015 3407 in
1029 3355 1077 3424 lig.
1087 3386 1112 3392 -
1123 3353 1279 3424 (Buxheim
1293 3353 1384 3410 Cutsl.
1399 3353 1434 3408 N.
1449 3353 1506 3406 186.
1520 3385 1548 3394 -

300 3441 417 3497 Ceillier
429 3443 519 3497 XXII
530 3441 589 3496 466.
599 3475 625 3482 -
636 3442 805 3496 Clr'emencot
815 3441 874 3495 392.
884 3472 909 3482 -
919 3441 1079 3508 Fabricius
1091 3439 1164 3492 Bibl.
1176 3441 1239 3493 Lat.
1249 3441 1272 3494 Ι.
1282 3440 1341 3494 603.
1351 3471 1378 3481 -
1386 3439 1463 3495 Hist.
1473 3439 1546 3494 Litt.

300 3529 336 3583 de
347 3529 377 3584 le
390 3531 501 3584 Franco
514 3531 600 3585 XIII.
613 3531 672 3584 218.
685 3531 744 3585 222.
757 3561 782 3570 -
792 3529 933 3582 Mnbillon
947 3529 969 3582 1.
983 3529 1012 3581 in
1027 3527 1120 3581 Praei.
1131 3557 1158 3566 -
1168 3526 1303 3582 Olearius
1322 3527 1345 3582 Ι.
1359 3527 1407 3580 129
1421 3524 1479 3598 [ubi
1490 3543 1546 3582 err.

299 3623 374 3686 typ:
390 3616 475 3684 15101.
486 3649 511 3656 -
523 3615 619 3670 Oudin
633 3615 671 3670 II.
687 3617 761 3670 1233.
771 3647 799 3656 -
807 3617 929 3684 Panzer,
942 3618 1018 3669 Anu.
1032 3621 1091 3685 typ.
1105 3614 1171 3670 VII.
1185 3614 1243 3668 326.
1257 3615 1290 3668 N.
1304 3616 1364 3671 417.
1374 3646 1400 3655 -
1409 3614 1546 3685 Papillon

299 3704 321 3758 I.
335 3705 376 3758 33.
386 3734 412 3744 -
422 3703 487 3758 Nol.
501 3721 536 3756 ex
549 3703 681 3758 biblioth.
695 3706 830 3775 municip.
843 3704 1044 3774 Norimberg.).
1053 3735 1078 3742 —

352 3862 427 3929 423.
440 3899 483 3910 —
498 3863 510 3941 l
512 3863 545 3929 S.
562 3865 783 3931 Bernardus.
805 3863 918 3944 Opera.
932 3861 988 3943 —)
1011 3861 1169 3926 Melliflui
1186 3861 1374 3945 devotique
1390 3859 1544 3925 doctoris

299 3949 411 4013 suncti
429 3949 594 4014 Bumardi
616 3949 751 4014 abbatis
769 3948 1033 4014 Clerevallensis
1051 3947 1292 4015 Oisterciensis
1308 3946 1439 4013 ordinis
1456 3968 1544 4033 opus

298 4035 512 4122 praeclarum
528 4058 609 4101 suos
622 4037 857 4121 complectens
872 4058 1028 4102 sermones
1040 4037 1083 4100 de
1099 4043 1270 4122 tempore:
1289 4035 1331 4098 de
1348 4033 1493 4098 sanctis:
1510 4043 1545 4099 et

299 4146 403 4209 super
418 4121 554 4188 cantica
571 4122 795 4188 canticorum.
819 4123 987 4206 Aliosque
1004 4124 1120 4210 plures
1137 4121 1211 4186 eius
1225 4143 1401 4186 sermones
1418 4128 1452 4185 et
1467 4143 1544 4185 sen-

298 4209 426 4274 tenties
447 4232 617 4292 nusquam
636 4209 805 4274 hactenus
826 4211 1020 4294 impressas.
1045 4210 1210 4274 Eiusdem
1233 4209 1376 4294 insuper
1394 4210 1544 4290 epislolas

300 4304 482 4380 ceteraque
495 4295 656 4361 universe
669 4297 742 4360 eius
757 4299 915 4378 opiiscula.
928 4297 1071 4362 Domini
1088 4319 1225 4382 quoque
1242 4294 1425 4362 Gilleberti
1439 4294 1543 4360 ebbe-

298 4382 344 4448 tis
357 4383 399 4448 de
411 4383 587 4448 Hoilende
597 4384 633 4448 iu
647 4383 762 4468 englis
775 4384 936 4470 prelibati
949 4383 1080 4450 ordinis
1093 4407 1196 4470 super
1209 4382 1344 4448 centies
1357 4403 1542 4448 sermones.

300 4487 406 4542 Omnie
422 4487 583 4541 secundum
599 4489 705 4541 seriem
720 4485 769 4541 hic
784 4489 813 4540 iu
831 4490 966 4557 sequenti
983 4488 1098 4558 pagella
1111 4493 1282 4543 snnotntnm
1295 4486 1452 4547 collocetn;
1471 4487 1543 4555 vigi-

297 4573 395 4628 lenter
413 4579 443 4628 et
461 4579 596 4628 accurate
615 4592 703 4645 super
721 4576 927 4629 vetustissime.
945 4574 1118 4630 clarevallis
1138 4574 1315 4644 exemplaria
1332 4575 1461 4644 apprime
1480 4589 1542 4626 cor-

219 4695 224 4704 .
298 4665 385 4717 rectu.
404 4660 506 4715 Hebes
525 4663 645 4733 insuper
663 4659 796 4716 studiose
814 4662 909 4716 lector
925 4662 1104 4717 uberrimum
1123 4663 1246 4719 indicem
1262 4679 1363 4716 eonrm
1382 4659 1543 4732 dequibus
