3398 5270
782 408 820 474 91

179 579 333 648 sanetis.
347 589 383 648 et
406 605 510 684 super
534 605 598 648 cen
600 581 670 648 tica
693 581 906 648 canticorum
929 581 1097 667 Aliosque
1145 581 1290 648 lures
1261 607 1335 649 erus
1358 605 1427 649 ser-

176 691 299 734 mones
312 676 347 734 et
358 672 529 736 sententias
540 693 709 754 nusquam
722 669 911 734 haetenus'
902 679 1096 768 impressas.
1094 605 1295 736 Sinsdem
1288 693 1389 758 msup
1392 694 1429 736 er

176 758 346 838 epistolas.
356 755 538 841 ceteraque
546 779 709 822 uniuersa
717 779 791 820 erus
799 758 957 838 opusrulu
967 755 1108 821 Demrnr
1118 759 1309 841 quoquebe
1310 759 1429 824 lieberii

178 842 317 908 abbatis
331 843 592 908 deHoilandia
583 866 619 907 m
627 843 756 928 Anglia
768 842 930 941 prelibati
944 842 1082 908 Ordinis
1096 866 1199 929 super
1212 845 1348 910 cantica
1359 867 1428 910 ser-

177 951 311 994 mones.
326 929 449 996 Omnia
461 930 650 994 seeundum
664 929 787 994 seriem
799 929 856 993 hio
870 928 1013 994 ini'erius
1027 937 1256 995 annotatam·
1240 931 1427 997 collocate.

177 1015 368 1100 vigilanter
387 1023 422 1081 e
442 1024 603 1081 accurate
624 1040 729 1102 super
743 1024 859 1080 vetust
859 1017 980 1082 issima
997 1016 1198 1082 Olercuallis
1219 1019 1429 1106 exemplaria

176 1103 338 1201 apprime
355 1111 489 1168 correct
491 1127 520 1168 a.
538 1103 661 1188 (Subp
638 1127 650 1166 ι
662 1127 706 1167 uo
724 1104 766 1167 tit
753 1103 850 1168 t'ulo
842 1103 977 1188 insigne
995 1126 1073 1168 erun
1089 1103 1300 1189 nominibus)
1313 1105 1428 1169 Jehan

175 1189 283 1255 Petit.
309 1190 374 1274 (lb.
385 1189 578 1276 :)Operum
602 1199 705 1287 etque
729 1191 869 1254 'lraetat
873 1214 952 1254 uum
976 1190 1085 1254 saneti
1111 1190 1311 1254 Bernarrli
1303 1214 1338 1255 m
1362 1191 1428 1256 hoe

177 1275 359 1342 volumine
377 1285 619 1344 contentorum
639 1301 755 1342 serus.
778 1279 829 1356 tiu
854 1279 921 1340 fine
939 1301 1016 1364 pag.
1027 1276 1176 1360 ):Veual
1178 1300 1214 1342 es
1234 1277 1342 1342 habes
1364 1279 1428 1343 sub

176 1364 281 1428 leone
298 1373 464 1448 argentee
480 1363 559 1429 Vici
576 1363 648 1428 diui
665 1363 801 1429 iacobi.

229 1466 255 1520 h
266 1470 319 1520 lvo
333 1467 399 1529 (sub
412 1484 518 1536 magna
531 1467 660 1520 iconeB
675 1465 835 1534 Ma1·iueV.‚
848 1466 912 1520 ul
898 1485 983 1536 eujus
997 1461 1135 1520 dextram
1149 1469 1177 1520 S
1191 1437 1369 1538 Beroaldus,
1388 1468 1425 1522 ad

176 1555 332 1608 sinistram
354 1570 424 1608 vero
446 1554 474 1608 S.
495 1552 656 1608 Malachiae
678 1561 708 1606 et
730 1554 836 1608 subtus
855 1553 969 1622 aliquot
987 1553 1148 1616 moriachitz
1167 1553 1213 1607 Ad
1230 1554 1370 1608 lectorem
1390 1554 1426 1610 de

175 1639 294 1696 adiecta
311 1641 380 1694 huic
399 1643 481 1711 operi
500 1640 559 1694 divi
579 1640 720 1694 Bernardi
741 1641 962 1710 vitaprel'atie.
981 1640 1044 1692 Fi:
1061 1641 1190 1694 Preiatio
1210 1639 1320 1695 <lentini
1338 1641 1426 1696 Alani

176 1727 317 1782 monaehi
330 1727 548 1783 clareuallis.et
559 1733 665 1798 postea
676 1727 927 1782 altissiodorensis
940 1729 1070 1797 episcopi
1087 1728 1118 1781 in
1132 1730 1222 1784 vitam
1241 1729 1335 1782 sancti
1355 1729 1425 1782 Ber-

176 1811 264 1868 nardi
276 1813 400 1868 abbatie.
413 1813 470 1868 In:
483 1813 592 1884 Incipit
603 1815 674 1867 vite.
688 1814 772 1878 (Post
784 1805 852 1883 alia)
867 1814 889 1866 F
899 1813 942 1867 13:
954 1815 1022 1870 Vita
1032 1815 1126 1868 sancti
1136 1813 1278 1869 Maleehie
1289 1815 1426 1885 episcopi.

177 1898 309 1980 F21v03
324 1898 446 1954 'Fabella
467 1897 653 1970 particularis
671 1899 854 1968 singulorum
873 1901 1050 1953 sermonum.
1069 1900 1216 1970 (CLXXI)
1236 1900 1325 1954 huius
1344 1901 1427 1954 velu-

176 1989 277 2042 minis,
290 1986 408 2040 saevo:
422 1986 565 2057 Epistola.
579 1987 701 2041 Iudaeus
716 1987 888 2041 Cliclrleueris
906 1987 1139 2056 Neeportuensis
1160 1989 1292 2058 benignis
1311 1987 1426 2042 lectori·

178 2074 236 2129 bus
255 2074 387 2129 Salutem
405 2073 611 2142 (Commendat
629 2074 704 2127 hanc
716 2072 893 2140 editionem).
907 2076 1059 2143 Sequitur:
1081 2075 1254 2130 Exhortatio
1267 2076 1303 2129 ad
1317 2077 1426 2132 milites

178 2161 291 2232 templi.
304 2162 406 2216 Sermo
420 2161 634 2215 exhortationis
647 2159 685 2214 ad
697 2161 827 2215 elericos.
842 2163 953 2227 (Pestzt
967 2163 1123 2216 Sermones
1143 2162 1210 2216 duo.
1230 2164 1318 2218 Dein:
1339 2165 1427 2218 Parvi

178 2265 333 2303 sermones
344 2267 466 2303 numero
479 2248 584 2302 vat
600 2248 702 2302 Plures
716 2248 842 2302 morales
856 2255 886 2302 et
900 2248 988 2302 utiles
998 2249 1150 2302 Sententia
1160 2267 1281 2303 numero
1293 2249 1426 2307 uentri.

178 2335 338 2390 Sermones
351 2353 441 2406 super
452 2339 567 2390 cantica
578 2337 765 2390 canticorum.
784 2335 918 2405 Epistola
932 2353 1053 2389 numero
1068 2335 1174 2390 CCCL.
1194 2335 1239 2390 De
1253 2337 1427 2391 Considera-

178 2422 261 2476 tiene
274 2421 303 2476 ll.
316 2421 351 2477 V.
363 2422 408 2476 De
420 2425 516 2493 gratia
529 2428 560 2476 et
572 2422 663 2476 libero
677 2423 806 2477 arbitrio.
820 2423 865 2476 De
876 2428 1013 2492 precepto
1026 2431 1056 2476 et
1066 2423 1295 2493 dispensatione.
1309 2423 1353 2477 De
1364 2423 1428 2476 dili·

178 2507 277 2580 gendo
290 2509 364 2564 Dee.
378 2509 480 2564 Seruio
494 2509 529 2564 de
543 2511 693 2564 charitate.
709 2511 752 2563 De
765 2509 904 2579 gradihus
917 2510 1100 2565 humilitatis.
1113 2509 1159 2566 Ad
1173 2509 1357 2564 Wiilermum
1376 2511 1427 2564 ab·

179 2597 279 2650 batem
289 2595 443 2666 Apologia.
457 2596 696 2652 Declamationes
709 2615 798 2666 super
811 2596 964 2665 evaugelio
978 2597 1054 2650 Eece
1066 2615 1122 2650 nes
1134 2596 1307 2666 reliquiums
1321 2597 1427 2650 omnia.

179 2683 226 2738 De
240 2685 303 2738 vita
315 2683 498 2738 solitariaad
511 2685 618 2738 lintres
631 2684 667 2738 de
687 2693 787 2738 monte
806 2683 860 2737 dei.
880 2683 1096 2737 Meditationes.
1116 2683 1161 2737 De
1181 2685 1312 2736 interiori
1332 2683 1427 2738 domo.

178 2769 225 2826 De
244 2769 347 2825 ordine
366 2775 434 2826 vite.
450 2771 493 2826 De
506 2772 587 2826 scala
598 2771 808 2825 claustralium.
822 2770 962 2824 Fomiula
974 2769 1098 2824 honeste
1114 2772 1181 2822 vite.
1195 2769 1353 2842 Speculum
1366 2787 1428 2822 mo-

177 2857 349 2912 nachorem.
363 2857 448 2925 (Feli.
468 2876 577 2934 numm.
596 2859 656 2912 837.
677 2861 847 2928 Sequuntur
865 2859 989 2912 seorsim
1008 2859 1143 2927 impressi
1148 2872 1156 2923 ι
1176 2858 1359 2926 „Sermones
1379 2860 1430 2926 qui

178 2950 279 2998 tamen
292 2961 353 2998 non
365 2962 384 2998 a
394 2951 497 3000 nostro
510 2944 660 2998 Bernardo
675 2945 745 2998 editi
757 2939 893 3004 1ἰίιιίιιιιιι
908 2943 978 3004 ι1ὀ11.
991 2962 1051 2997 non
1069 2962 1178 2998 numm.
1191 2947 1234 3013 26,
1254 2946 1283 2996 in
1303 2961 1427 3014 querum

179 3033 238 3086 tine
248 3029 322 3085 haec
331 3031 493 3102 legunturt)
504 3032 613 3085 Deuoti
625 3031 816 3102 mclliiiuique
827 3031 956 3086 doctoris
969 3031 1028 3084 diui
1042 3031 1183 3085 Bernardi
1195 3030 1368 3086 Olsreuailis
1379 3031 1428 3084 ab·

179 3117 265 3186 betis,
278 3119 418 3186 seraphim
431 3121 541 3189 scripta
552 3119 777 3187 diligentissime
795 3137 860 3172 eum
881 3118 1048 3188 archetypis
1068 3118 1243 3172 bibliothece
1262 3118 1428 3172 elareunllis

177 3220 197 3257 α
211 3205 375 3274 qubusdam
393 3205 510 3259 eusdem
525 3207 621 3259 doricus
640 3207 780 3259 rennui-liis
797 3206 952 3258 crrrcndutu:
970 3216 1059 3274 atque
1077 3207 1120 3258 ita
1138 3206 1301 3274 recognita:
1320 3211 1353 3257 ut
1371 3223 1427 3274 que

180 3309 251 3346 vera
264 3294 358 3362 ipsius
369 3294 512 3346 auctoris:
526 3311 641 3362 queque
654 3293 817 3362 ascriptitia
829 3294 939 3346 inerint
951 3293 1044 3346 lector
1057 3311 1144 3361 quarn
1163 3292 1300 3346 iacillirne
1320 3309 1427 3360 agnos·

179 3385 228 3432 cat
246 3383 435 3450 (quamquam
454 3397 489 3433 aa
507 3387 537 3434 et
553 3380 667 3450 phrasis
681 3386 711 3433 et
724 3381 846 3449 spiritus
859 3397 893 3432 ue
905 3381 951 3434 vis
964 3379 1076 3433 dicendi
1092 3379 1176 3433 limile
1189 3385 1334 3446 secernat)
1348 3397 1427 3432 nunc

180 3465 299 3521 demum
313 3469 342 3520 in
362 3468 502 3537 optimam
523 3469 609 3520 vuius
629 3465 739 3520 codicis
758 3465 861 3535 (veluti
880 3466 976 3536 palam
995 3468 1134 3535 cernitur)
1153 3467 1277 3518 termam
1297 3466 1427 3520 reductu:

179 3552 342 3624 sedulaque
354 3571 388 3607 ae
400 3553 533 3623 diligenti
546 3571 616 3607 cura
625 3553 810 3607 etindustria
819 3555 952 3622 magistri
961 3552 1077 3606 Andree
1088 3551 1212 3606 Bocerdi
1222 3554 1276 3607 viri
1287 3553 1429 3606 boninum

179 3643 287 3696 artium
299 3639 503 3696 eruditissimi:
517 3647 548 3694 et
559 3642 631 3694 artis
644 3641 832 3710 impressoria
847 3641 1030 3710 peritissimi:
1043 3641 1185 3710 impensis
1198 3647 1298 3693 entem
1311 3639 1429 3694 honesti

180 3730 236 3782 viri
244 3729 392 3783 „lobannis
402 3730 499 3798 parui:
512 3727 588 3782 elme
599 3729 801 3782 uniuersitatis
812 3721 988 3781 ,Parisicnsis
999 3727 1156 3798 bibliopola
1166 3729 1253 3780 iurati
1263 3726 1427 3795 insignibus

180 3815 398 3870 characteribus
412 3816 590 3884 fidelissime=
603 3815 639 3868 ad
653 3815 770 3868 lauilcm
783 3815 829 3868 dei
839 3815 1000 3884 christique
1012 3814 1140 3868 tidelium
1151 3814 1323 3869 utilitatem:
1336 3814 1428 3884 pridie

180 3903 320 3958 calendas
327 3903 443 3974 apriles.
454 3904 540 3956 Anno
548 3903 909 3956 iucarnationisdeminico
917 3902 1073 3955 Millesime
1085 3904 1428 3972 quingentesimooetauo

180 3996 354 4062 exoptatum
375 3993 481 4045 sortita
502 3997 573 4044 sunt
593 3989 849 4060 complementum.
866 4019 893 4028 —
909 3991 1008 4060 Seqq.:
1031 3989 1248 4058 Descriptio...
1272 3990 1428 4058 positionis

181 4076 359 4132 Olareuallis
378 4081 409 4131 et
420 4077 535 4130 Taliula
554 4078 599 4146 (25
613 4077 639 4132 li‘.
653 4095 680 4130 u.
695 4077 824 4146 numm).
846 4077 957 4130 Deuoti
975 4077 1065 4145 patris
1085 4075 1195 4128 domini
1212 4075 1357 4144 gilleberti
1379 4076 1428 4128 ab·

180 4165 257 4219 batis
271 4169 348 4232 (etc.)
361 4165 519 4219 Sermones
532 4165 681 4232 (XLVIII)
695 4182 785 4234 super
797 4166 910 4217 cantica
924 4165 1104 4216 canticorum
1114 4162 1150 4215 ab
1165 4181 1200 4215 eo
1211 4161 1284 4225 loco,
1295 4179 1352 4230 quo
1365 4161 1428 4215 bea-

180 4257 230 4306 tus
242 4251 412 4306 Bernardus
425 4257 520 4306 morte
533 4257 694 4321 preventus
709 4252 832 4320 linierat,
845 4249 1028 4320 insequendo
1041 4249 1077 4303 de
1094 4251 1188 4302 vicino
1211 4247 1341 4302 eiusdem
1360 4249 1428 4302 Ber·

178 4337 263 4392 nardi
282 4339 417 4409 spiritum
436 4345 466 4392 et
484 4339 593 4393 stilum.
613 4343 690 4404 (cum
708 4338 809 4391 tabula
827 4339 902 4393 11:45
923 4355 981 4390 uon
994 4343 1123 4400 numm).
1134 4337 1169 4389 Iu
1186 4337 1256 4390 line:
1272 4336 1427 4390 Richardue

179 4425 343 4480 monachus
354 4424 390 4478 de
400 4425 589 4479 Grandisilua
598 4424 723 4478 diocesis¹
731 4424 963 4478 'l‘helesanensis
974 4423 1084 4476 ordinis
1095 4422 1300 4476 Cisterciensis
1311 4439 1427 4476 eulmen

181 4512 218 4568 de
230 4511 318 4566 laude
331 4512 519 4567 Olereualiis:
538 4517 569 4565 et
581 4511 617 4566 de
629 4511 768 4579 religiosa
780 4511 887 4564 ibidem
900 4509 1054 4580 disciplina
1067 4509 1128 4578 (iel.
1141 4511 1214 4563 45ιό
1228 4507 1347 4576 sitire,
1366 4525 1426 4561 non

180 4605 309 4668 numm).
323 4599 399 4655 Sunt
411 4602 510 4670 itaque
522 4598 597 4654 Feli.
611 4599 661 4652 337
675 4617 784 4652 numm.
799 4603 828 4652 et
843 4599 892 4650 lla
904 4615 963 4650 neu
977 4615 1094 4666 numm,
1104 4597 1134 4648 in
1147 4613 1251 4650 summ.
1261 4596 1312 4648 lati
1320 4595 1349 4650 11.
1360 4613 1426 4652 euin

182 4688 264 4758 sign,
278 4688 343 4742 eine
355 4691 427 4742 eust.
441 4685 503 4741 sol.
517 4685 626 4752 (Editio
640 4688 877 4758 speciosissima).
887 4715 912 4725 -
986 4699 991 4710 ·
