3400 5276
688 413 861 514 20⁹.-

213 605 287 676 957.
303 645 345 653 -
365 607 602 674 sommalius:
634 605 717 670 Divi
740 605 873 670 Aurelii
897 607 1096 691 Augustini,
1120 609 1286 674 Bernardi
1311 609 1406 696 (etc.)

155 693 387 758 Mediterranea
409 692 515 777 (etc).
540 691 707 759 Coloniae
722 691 947 779 Agrippinae,
964 694 1146 760 Cornelius
1170 694 1212 760 ab
1229 694 1408 781 Egmondt

155 787 196 844 et
211 778 315 844 Socii.
335 787 425 848 1631.
446 785 509 845 16⁰.
527 788 590 844 410
602 803 660 868 pp.
672 818 706 828 -

211 882 267 954 (De
285 882 401 938 Becker
418 882 440 937 I.
460 882 526 946 75&
551 882 662 938 11.Ed.
687 883 742 940 ΠΙ.
760 883 820 938 836.
837 915 862 924 -
877 883 956 939 Hist.
979 884 1050 940 Litt.
1069 883 1106 939 de
1130 883 1160 939 la
1180 885 1294 941 Ranae
1318 885 1404 942 XIII.

212 1099 339 1168 958.—
352 1102 587 1172 Sommalius:
619 1101 701 1166 Divi
730 1101 865 1167 Aurelii
887 1101 1086 1188 Augustini,
1116 1103 1281 1168 Bemardi
1310 1104 1405 1190 (etc.)

154 1187 386 1254 affectationes
408 1189 515 1275 (etc).
537 1188 702 1274 Lugduni
728 1200 820 1255 1631.
846 1193 913 1256 24⁰.
927 1229 953 1238 -

212 1288 267 1356 (De
285 1290 406 1361 Becker,
425 1289 464 1346 11.
483 1291 535 1348 Bd.
555 1291 610 1347 111.
628 1291 736 1358 866).-

640 1467 735 1536 Ante
758 1489 790 1537 a.
813 1470 901 1536 1632
914 1489 930 1532 :-

214 1603 289 1672 959.
303 1643 343 1652 -
361 1607 592 1692 (Henriquez.
612 1607 724 1675 Galle.
737 1606 793 1688 —l
816 1605 1023 1672 Litauiccum
1042 1608 1206 1672 acriorum
1226 1608 1402 1674 thesaurus.

156 1689 427 1776 Chrysostomus
452 1693 633 1774 Heariqaca
656 1691 888 1777 concinnavit,
912 1693 1115 1758 Theodorus
1144 1694 1236 1758 Galle
1260 1717 1333 1759 exc.
1358 1697 1405 1759 4⁰.

156 1777 380 1864 Antwerpiae
399 1801 425 1844 s.
447 1801 475 1844 a.
496 1779 671 1865 (sedante
692 1801 721 1844 a.
744 1790 837 1863 1632,
860 1801 928 1865 quo
950 1779 1072 1864 Chrys.
1093 1779 1292 1865 Henriquez
1314 1802 1405 1846 mor-

156 1873 239 1929 tuus
260 1873 329 1946 est3
350 1865 490 1930 minime
511 1874 624 1932 autem
648 1889 676 1930 c.
699 1866 1176 1954 a.1600,quovixpucriles
1197 1889 1305 1934 annos
1326 1867 1405 1933 atti-

155 1959 268 2036 gerat.
281 1989 315 2000 —
330 1951 488 2018 Litaniae
511 1961 593 2018 sunt
614 1953 697 2018 hae:
721 1952 775 2018 De
797 1953 958 2018 venerab.
983 1953 1217 2019 Sacramento.
1237 1954 1339 2020 Dom.
1361 1955 1406 2020 N:

157 2037 182 2103 J
184 2059 255 2103 esu.
271 2038 312 2104 B.
324 2039 434 2104 Maria
444 2040 486 2106 V.
498 2040 601 2104 Vitae
616 2047 651 2104 et
666 2039 838 2126 passionis
852 2039 990 2105 Christi.
1004 2040 1038 2104 S.
1053 2040 1182 2106 Crucis.
1199 2041 1255 2105 Ad
1271 2041 1294 2106 J
1297 2063 1403 2126 esum,

156 2124 303 2190 Mariam
320 2133 356 2191 et
368 2127 391 2192 J
394 2148 453 2192 ose
480 2127 512 2192 h.
534 2127 588 2191 De
603 2127 759 2211 Angelis.
776 2128 831 2191 Ad
848 2135 1047 2193 sanctorum
1063 2127 1217 2192 omnium
1258 2127 1406 2194 raesidia

156 2211 364 2277 invocanda.
378 2213 445 2278 XV
490 2214 621 2300 ysteria
633 2214 765 2279 roserii.
778 2214 845 2280 Pro
857 2214 1018 2279 fidelibus
1032 2213 1215 2279 defunctis.
1228 2151 1282 2279 be
1294 2215 1329 2280 S.
1338 2215 1404 2280 Be-

155 2297 308 2374 nedicto.
325 2299 380 2364 Ad
394 2301 426 2365 S.
447 2301 658 2366 Bcraardum.
675 2302 716 2364 In
731 2301 869 2366 laudem
886 2301 920 2366 S.
933 2300 1121 2366 Francisci.
1137 2301 1193 2365 Ad
1209 2301 1243 2366 S.
1256 2301 1404 2368 Norber·

155 2393 241 2450 tum.
265 2386 306 2450 ln
324 2387 461 2451 laudem
476 2387 523 2452 M.
539 2387 749 2471 Therasiae).
764 2427 790 2435 -

211 2485 397 2560 (sosanna,
417 2489 480 2544 oa.
499 2489 540 2544 so.
560 2491 594 2546 n.
612 2491 738 2562 2711).-

698 2667 737 2736 A.
752 2670 855 2736 1682:

209 2806 287 2876 960.
300 2845 340 2854 -
355 2808 403 2886 (S.
415 2809 637 2877 Bernardus.
650 2806 706 2888 -i
723 2805 843 2872 Sancti
856 2807 1022 2872 Bcnmrdi
1035 2807 1320 2873 Claraevallensis
1332 2807 1404 2873 Ab·

157 2893 249 2959 batis
273 2892 385 2980 primi,
408 2893 660 2979 religiosissimi
684 2893 864 2958 Ecclesiae
883 2894 1046 2960 Doctcris
1070 2894 1344 2980 suavissimique,
1369 2902 1404 2960 et

157 2981 250 3066 quod
267 3003 330 3067 pro
347 2980 474 3046 eximia
489 2981 583 3046 illius
599 2981 729 3068 pietate
745 3004 815 3046 non
838 2981 965 3046 iniuria
981 2981 1118 3065 dixeris,
1134 2982 1237 3068 plane
1253 2981 1402 3047 Theodi-

157 3067 261 3152 ducti,
283 3067 387 3150 Opera
403 3070 529 3133 munia:
544 3083 603 3131 tam
617 3093 692 3146 quae
705 3093 774 3131 vere
790 3093 931 3146 germana
946 3075 1025 3130 illius
1041 3093 1108 3130 esse
1121 3093 1207 3130 nemo
1220 3075 1333 3130 inficias
1346 3081 1403 3146 eat,

156 3181 243 3234 qnam
257 3179 333 3233 quae
345 3165 446 3234 spuria
462 3169 492 3218 et
507 3165 697 3234 supposititia
711 3165 899 3234 (quamquam
911 3179 970 3216 non
985 3161 1136 3216 dissimilis
1152 3163 1281 3232 pietatis)
1300 3162 1403 3233 pleris-

156 3267 212 3320 que
228 3249 321 3304 videri
340 3256 474 3320 possunt,
494 3249 718 3319 diligentissime
736 3265 814 3303 nunc
832 3251 957 3320 primum
976 3251 1134 3318 recognita,
1152 3255 1240 3303 aucta
1255 3266 1289 3304 ac
1305 3267 1403 3304 emen·

156 3337 232 3406 data,
249 3343 280 3391 ct
294 3338 324 3390 in
342 3335 472 3390 ordinem
490 3338 707 3392 concinniorem
723 3337 876 3406 disposita
895 3339 1093 3392 Accesserant
1108 3335 1163 3389 hac
1178 3343 1328 3406 postrema
1344 3335 1402 3390 edi·

155 3428 236 3480 tione
258 3425 288 3480 S.
306 3424 448 3478 Bernardi
471 3425 585 3495 aliquot
606 3422 758 3494 Epistolae
781 3441 796 3478 e
818 3423 1002 3478 Bibliotheca
1024 3424 1051 3478 S.
1075 3424 1201 3478 Victoris
1225 3422 1401 3478 parisiensis

155 3528 316 3582 numquam
340 3511 447 3579 editae,
471 3516 502 3565 et
523 3509 619 3564 Notae
640 3509 675 3564 F.
695 3509 742 3565 Jo.
765 3509 889 3576 Picardi,
911 3511 1043 3564 eiusdem
1065 3511 1235 3564 monasterii
1259 3508 1400 3564 Canoniei

155 3599 321 3669 Regularis,
340 3599 368 3651 in
389 3597 507 3652 easdem
527 3603 557 3650 et
575 3596 702 3666 reliquas
719 3596 746 3651 S.
764 3595 905 3650 chardi
921 3596 1080 3667 Epistulas,
1100 3615 1159 3650 vna
1173 3614 1240 3650 cum
1257 3597 1355 3650 officio
1373 3596 1401 3651 S.

155 3687 292 3752 Victoris,
306 3702 340 3739 ac
351 3685 386 3739 D.
401 3682 540 3738 Bemardi
553 3683 703 3737 Miracula.
717 3683 791 3738 Cum
805 3682 904 3736 Indicc
917 3682 1034 3753 duplici,
1047 3682 1140 3736 altero
1155 3682 1286 3736 locorum
1299 3699 1400 3737 sacrae

154 3775 318 3844 scripturae
336 3773 447 3842 passim
466 3771 503 3826 ab
521 3773 586 3840 ipso
606 3769 640 3824 D.
657 3768 807 3823 Bemardo
827 3771 1037 3840 explicatorum
1054 3769 1148 3824 altero
1163 3787 1258 3840 eoque
1273 3787 1353 3824 nouo
1369 3776 1400 3825 et

155 3861 252 3932 amplo
275 3877 372 3915 rerum
395 3865 425 3913 et
442 3859 608 3913 verborum.
629 3859 767 3912 Lutetiae
786 3857 974 3925 Parisiorum,
996 3858 1163 3928 sumptibus
1181 3857 1307 3912 Joannis
1326 3857 1397 3911 (ler-

154 3955 238 4001 mont
254 3953 285 4000 et
299 3946 425 4002 Joanuis
444 3945 570 4000 Billaine
587 3947 723 4000 associat.
743 3946 792 3998 via
808 3945 965 4012 Jacobaca,
985 3945 1040 3998 sub
1059 3945 1151 4015 signis
1165 3945 1193 3999 S.
1206 3943 1358 3998 Benedicti
1371 3951 1402 3999 et

154 4035 314 4104 Augustini
338 4033 413 4088 1632.
436 4033 510 4089 Cum
534 4032 688 4104 priuilegio
710 4031 810 4101 Regia.
826 4063 851 4070 —
867 4030 977 4101 (Editio
1001 4036 1048 4086 est
1065 4031 1213 4085 Edmuadi
1233 4031 1401 4100 Tiraqaelh).

154 4121 217 4178 Fol.
235 4121 288 4174 iili.
309 4139 336 4176 u.
357 4137 475 4188 numm,
493 4118 559 4174 coll.
577 4119 686 4172 1-2400
702 4135 811 4174 numm.
831 4123 861 4172 ct
876 4118 947 4171 5311:
965 4135 993 4174 n.
1011 4135 1120 4174 numm.
1136 4119 1193 4188 (An
1209 4119 1342 4190 impress
1356 4135 1400 4190 ap.

152 4209 332 4281 Dionysium
349 4207 512 4280 Thierryl).
522 4238 548 4246 -

206 4295 289 4362 (Brit.
300 4295 376 4351 Mus.
387 4295 450 4350 Cat.
461 4294 579 4366 „Berg“.
587 4293 789 4350 -Cltmencet
801 4293 893 4348 395.-
901 4291 1041 4366 [Gamierl
1054 4292 1146 4349 Catal.
1157 4292 1231 4348 Bibl.
1241 4292 1401 4362 d'Amisns,

154 4382 257 4438 Theoi.
274 4381 298 4438 I
317 4381 378 4441 393.
395 4381 429 4437 N.
448 4382 526 4436 2435.
536 4413 561 4423 -
572 4383 701 4438 Graesse
718 4381 741 4435 Ι.
761 4379 820 4438 343.
829 4411 855 4420 -
869 4379 1004 4435 Olearius
1022 4379 1045 4434 1.
1068 4379 1125 4434 129.
1138 4411 1163 4420 -
1176 4379 1325 4434 Perennae
1344 4379 1400 4434 111.

153 4469 424 4525 239.-Bosenthal
443 4469 536 4526 Catal.
554 4471 597 4524 49.
615 4467 655 4524 N:
669 4469 776 4536 684).-
805 4523 808 4531 ,

208 4593 511 4676 stt-mous,
533 4593 606 4660 Joi.
622 4591 737 4657 Petrus
761 4589 807 4665 (S.
821 4590 846 4655 J
849 4596 889 4660 h:
913 4589 1007 4672 Fapa
1028 4591 1162 4666 Saeculi,
1186 4611 1222 4654 or
1243 4591 1293 4654 ihc
1315 4589 1402 4670 Holy

156 4681 283 4745 Haircd
293 4681 330 4764 os
338 4683 389 4745 the
404 4679 515 4746 World
523 4703 533 4746 :
547 4677 761 4763 conteyning
772 4677 832 4740 the
845 4677 935 4759 Lifes
946 4677 983 4760 of
992 4675 1037 4740 st.
1051 4677 1205 4758 Malachy
1215 4677 1252 4759 os
1259 4676 1400 4752 lrclaad,

207 4795 277 4834 xenia
292 4795 432 4834 harundine
445 4795 482 4835 lv.
497 4791 665 4842 Bibliographia
679 4791 819 4830 Bernardina
1212 4796 1244 4848 14
