3352 5280
138 897 200 973 Do
220 897 471 973 editionibus
491 896 669 991 Operum
687 899 725 973 S.
743 899 946 1078 Brprpiardl
964 901 1173 992 omneque
1196 899 1319 973 llbrls
1344 899 1391 972 de
1457 929 1459 936 ·

652 1022 698 1078 eo
718 1023 760 1077 sc
801 1025 828 1097 p
868 1024 888 1077 e

622 1186 651 1245 1.
677 1180 807 1247 Soeodo
834 1181 911 1246 XV.

249 1329 345 1407 Quae
367 1350 473 1416 supra
494 1328 729 1394 recensuimus
750 1328 862 1416 Opera
884 1329 927 1394 D.
947 1327 1116 1394 Bernardi
1140 1350 1218 1394 cum
1241 1328 1393 1415 genuina

139 1423 217 1480 tum
242 1415 423 1568 supposita
445 1416 567 1500 tribus,
591 1437 679 1501 quae
700 1415 743 1480 ab
765 1415 841 1502 ejus
861 1427 972 1482 morte
993 1415 1291 1481 adinventionem
1311 1417 1393 1481 artis

139 1509 298 1586 typogrrop
321 1505 388 1568 icae
410 1502 632 1585 transierunt,
656 1503 803 1567 saeculis
817 1541 843 1551 -
883 1502 1062 1568 raesertim
1082 1523 1147 1589 opo
1167 1501 1393 1567 monasterio-

139 1611 218 1654 rum
232 1587 371 1654 Ordinis
385 1588 625 1654 Oisterciensis
641 1589 701 1654 illa
715 1597 828 1654 aetate
870 1588 1079 1656 orentissimi
1091 1627 1125 1638 -
1137 1589 1241 1676 longe
1255 1589 1393 1674 lateque

140 1676 438 1762 propagabantur,
458 1676 493 1740 id
511 1675 603 1761 quod
621 1676 772 1761 catalogi
789 1676 950 1742 codicum
965 1675 1002 1740 in
1018 1675 1086 1740 illis
1103 1675 1216 1741 adhuc
1233 1675 1393 1741 adserva-

142 1773 260 1828 torum
284 1761 422 1829 abunde
445 1762 690 1850 comprobant;
716 1763 886 1828 accedunt
909 1763 1069 1829 ordinum
1091 1763 1303 1848 reliquorum
1319 1801 1352 1812 —
1375 1785 1394 1828 a

141 1848 270 1935 quibus
294 1851 329 1914 S.
349 1849 547 1916 Bernardus
567 1871 745 1934 nunquam
765 1850 945 1934 exsulavit,
971 1849 1195 1916 ecclesiarum
1215 1849 1393 1915 cathedra-

142 1937 239 2018 lium,
256 1937 409 2002 virorum
426 1936 639 2003 eruditorum
662 1935 894 2002 bibliothecae
910 1936 1164 2024 exemplaribus
1184 1937 1268 2002 satis
1287 1935 1393 2001 refer-

142 2033 211 2106 tae,
236 2031 272 2088 et
292 2023 459 2088 immensa
482 2023 632 2089 nominis
655 2023 798 2108 gloriosi
819 2023 1016 2106 auctoritas,
1042 2045 1109 2108 qua
1129 2023 1263 2090 Doctor
1281 2023 1392 2088 Melli-

139 2110 234 2176 fluus
257 2110 372 2176 ubivis
392 2111 510 2176 valuit.
535 2111 627 2174 Hinc
650 2132 720 2176 non
743 2119 878 2176 tantum
901 2111 1003 2176 facile
1026 2111 1146 2195 liquet,
1171 2110 1263 2196 quod
1288 2131 1393 2196 opera

141 2197 205 2262 illa
227 2217 308 2262 mox
325 2199 429 2279 prelis
451 2196 698 2280 subdebantur,
721 2198 781 2262 sed
804 2197 908 2262 etiem
928 2197 1024 2280 illud,
1049 2198 1141 2282 quod
1162 2197 1392 2282 antiquissimi

141 2284 224 2349 libri
249 2283 369 2348 divina
391 2283 452 2349 illa
475 2293 548 2349 arte
571 2283 732 2371 producti
756 2307 869 2370 neque
893 2285 1023 2372 scripta
1046 2285 1162 2351 omnia
1184 2306 1297 2370 neque
1321 2306 1392 2350 om-

140 2370 247 2436 nibus
267 2371 420 2436 numeris
440 2370 599 2437 absoluto
617 2371 953 2458 complectebantur;
977 2372 1133 2458 dispersa
1152 2371 1243 2436 enim
1258 2393 1321 2458 per
1336 2393 1393 2437 co·

142 2457 240 2522 dices
264 2465 299 2522 et
323 2458 444 2524 crebro
468 2458 618 2522 invicem
642 2467 801 2544 separata
824 2459 919 2545 prius
944 2459 1149 2544 colligenda,
1173 2458 1393 2524 librariorum

141 2553 260 2610 autem
281 2545 417 2610 incuria
438 2545 566 2632 passim
588 2545 795 2610 obtruncata
816 2553 851 2610 et
872 2545 1006 2610 mendis
1029 2545 1163 2632 polluta
1182 2545 1227 2610 ad
1250 2544 1392 2631 integri-

142 2641 254 2698 tatem
278 2639 313 2696 et
336 2631 524 2718 puritatem
547 2631 759 2718 primaevam
782 2633 979 2698 revocanda
1002 2639 1109 2697 erant.
1136 2632 1229 2697 Illud
1252 2632 1392 2698 saeculo

141 2719 279 2784 decimo
304 2727 414 2801 sexto,
436 2718 503 2784 hcc
527 2718 662 2783 docimo
686 2717 834 2806 septimo
858 2719 1029 2784 industria
1051 2726 1086 2783 et
1108 2719 1299 2804 sagacitate
1322 2718 1393 2784 edi-

141 2815 258 2871 torum
281 2805 475 2892 perfectum
499 2813 560 2871 est.

251 2893 438 2958 Editiooom
464 2893 745 2958 Bernordr'oorom
774 2915 863 2978 quae
892 2893 1047 2958 omnium
1069 2896 1179 2975 prim
1210 2891 1392 2976 exstiterit,

142 2987 241 3044 certa
261 2979 330 3044 fide
354 2979 460 3046 asseri
483 2981 613 3064 nequit,
638 3003 717 3044 cum
740 2979 998 3066 septemdecim,
1021 3002 1109 3065 quae
1133 2979 1393 3064 antiquissimae

140 3067 325 3149 habentur,
340 3066 481 3132 nomine
496 3067 707 3164 typographi
724 3075 759 3132 st
775 3067 855 3131 anni
873 3066 1010 3218 locipua
1025 3067 1119 3132 notis
1135 3073 1285 3150 careant,
1300 3065 1393 3165 quod

168 3153 347 3218 raesertim
386 3161 504 3240 ropter
519 3153 708 3218 editronem
723 3153 944 3240 principem(
978 3153 1248 3238 CLXXXXVI)
1266 3159 1393 3240 episto·

140 3179 253 3304 ibrum
271 3240 353 3320 (vid.
397 3239 650 3326 ibliographiae
664 3239 900 3305 Bernardinae
913 3241 1013 3305 Num.
1026 3244 1059 3325 3)
1074 3249 1109 3304 et
1124 3241 1294 3328 opuscula
1306 3239 1391 3326 (vid.

142 3327 188 3392 N.
207 3332 239 3402 tl
256 3327 429 3409 dolemus;
454 3327 516 3392 sed
536 3337 652 3393 tamen
673 3328 771 3392 locus
791 3327 850 3392 ille
872 3335 1068 3414 competere
1085 3327 1224 3392 videtur
1241 3325 1393 3409 ,Speculo

142 3415 185 3478 de
200 3414 373 3480 Honestate
388 3417 468 3480 vite“
487 3415 558 3500 (cui
581 3415 689 3500 ,Octo
706 3423 835 3502 puncta
850 3413 1025 3480 mediante
1041 3415 1073 3500 [l]
1090 3413 1217 3499 quibus
1258 3413 1392 3480 eruani-

142 3518 202 3565 tur
217 3501 260 3565 ad
300 3501 524 3567 erfeotionem
536 3501 609 3567 vite
625 3501 833 3588 spiritualis“
849 3500 1014 3587 adjuncta
1029 3505 1135 3585 sunt),
1152 3522 1220 3586 quo
1257 3501 1393 3584 Mogon-

142 3591 209 3653 tioe
227 3611 248 3652 o
268 3523 363 3654 detra
385 3589 538 3673 Soboeffer
558 3588 650 3653 circa
670 3609 797 3652 annum
826 3598 906 3653 1464
929 3587 1136 3686 impressum
1160 3611 1234 3653 esse
1258 3588 1391 3654 volunt.

143 3675 211 3740 Cui
227 3674 432 3741 immortalis
449 3675 634 3741 memoriae
649 3673 725 3740 viro
766 3674 853 3739 rima
870 3683 1004 3740 cunctis
1020 3675 1113 3741 notis
1128 3683 1167 3760 ty
1194 3696 1214 3740 o
1259 3674 1392 3761 aphieis

142 3763 314 3827 instructa
334 3761 480 3828 debetur
499 3761 618 3846 editio,
639 3761 713 3826 scil.
737 3697 921 3827 damonum
942 3761 1140 3848 (CLXXX)
1162 3699 1204 3826 de
1216 3697 1392 3848 ilrempore

142 3857 181 3914 et
200 3849 240 3914 de
256 3849 413 3914 Diversis
433 3872 497 3914 neo
517 3870 588 3915 non
611 3870 807 3914 sermonum
827 3848 883 3934 (de
898 3848 1018 3914 Laude
1037 3849 1149 3915 novae
1169 3847 1328 3935 militiae)
1348 3848 1392 3914 ad

142 3934 273 4001 milites
297 3935 382 4001 'I’em
408 3936 433 4000 li
458 3945 493 4001 et
518 3937 576 4016 (de
600 3935 851 4016 Conuersione)
881 3935 925 4000 ad
949 3935 1112 4020 Olerioos,
1140 3957 1243 4022 quam
1269 3936 1392 4020 ,Anno

142 4022 339 4088 natiuitatis
361 3959 481 4088 cin'so
495 4073 502 4088 .
515 4024 559 4088 M
566 4075 573 4089 .
584 4023 764 4087 occodxxr.
778 4023 1036 4108 decimaquarta
1055 4022 1111 4088 die
1127 4022 1256 4088 mensis
1274 4045 1294 4087 a
1319 4021 1392 4088 rilis

142 4111 183 4174 In
206 4109 318 4176 nobili
343 4108 428 4175 urbe
450 4110 627 4194 Maponcio
650 4108 798 4174 feliciter
821 4110 1093 4175 consummauit“
1120 4110 1175 4196 (N.
1196 4114 1261 4195 30).
1318 4109 1392 4194 qui-

143 4197 220 4262 dem
242 4195 348 4262 etiam
363 4202 438 4278 post
454 4196 587 4262 dictum
607 4218 734 4262 annum
756 4217 827 4262 non
847 4197 973 4262 desunt
989 4196 1160 4263 editiones
1179 4197 1236 4261 vel
1254 4218 1324 4262 una
1345 4196 1393 4262 al·

143 4293 261 4348 terave
277 4284 334 4348 vel
351 4283 473 4368 quavis
488 4293 573 4350 nota
591 4283 847 4370 typographica
862 4282 1066 4366 destitutae3
1090 4305 1210 4349 verum
1229 4305 1393 4348 numerus

142 4371 186 4436 iis
207 4371 458 4437 instructarum
480 4371 574 4436 haud
601 4371 747 4457 exiguus
775 4377 828 4436 est
855 4377 890 4436 st
919 4378 1075 4454 cunctae,
1100 4393 1186 4457 quas
1208 4390 1294 4437 aevo
1322 4369 1393 4456 ,in-

143 4457 415 4525 cunabulorum*
447 4457 485 4522 in
514 4459 628 4523 lucem
660 4457 803 4523 emissas
829 4457 1031 4544 reperimus,
1064 4464 1284 4545 computatae
1312 4465 1393 4523 sunt

143 4543 409 4628 COLXXXXI,
433 4543 524 4612 inter
546 4566 631 4631 quas
654 4545 775 4631 utique
799 4545 993 4633 complures
1018 4543 1182 4612 Santones
1201 4546 1239 4610 de
1258 4543 1292 4610 S.
1312 4543 1393 4610 Ber-

141 4635 242 4698 nordo
260 4629 373 4698 habiti
390 4631 584 4717 iterumque
600 4631 759 4719 impressi
776 4639 812 4696 et
825 4634 908 4696 vitoe
926 4630 1083 4718 ejusdem
1099 4630 1286 4716 breviores,
1307 4653 1392 4716 quas

142 4741 182 4786 ex
205 4717 361 4786 instituti
384 4719 494 4786 nostri
516 4719 652 4785 ratione
675 4717 804 4806 suscipi
829 4718 995 4806 oportuit.
