3400 5276
716 533 727 539 -
749 441 827 538 {a
850 533 869 538 -

165 629 327 685 Sermones
341 630 412 684 varii
425 631 454 683 in
472 628 615 699 quaedam
628 629 704 684 testa
717 634 747 682 et
762 629 931 684 DomInIcas
945 630 1022 683 anni.
1036 629 1080 683 De
1097 628 1238 684 Sermone
1255 628 1374 686 Domini
1387 632 1417 685 in

164 717 272 771 ultima
285 735 377 772 coena
392 716 428 771 ad
442 716 602 788 discipulos
615 717 724 771 habito.
740 717 897 772 Sermones
911 716 968 771 alii.
985 716 1030 770 Do
1046 715 1234 772 Conscientia
1250 717 1416 772 Tractatus.

166 803 216 858 Ad
229 804 366 858 Sororem
379 804 423 857 De
436 803 524 858 niodo
538 804 612 858 bene
626 804 751 860 vivendi.
765 804 853 858 Liber
863 805 1090 858 Sententiarum.
1104 803 1297 874 Soliloquium
1308 805 1336 859 S.
1347 806 1417 860 Ber-

166 891 260 945 nardi.
279 891 420 945 Formula
434 892 578 946 honestae
591 895 678 947 ultae.
694 892 783 947 Varia
795 899 825 945 et
842 891 942 944 brevia
958 890 1143 945 Documenta
1155 893 1202 962 pie
1215 909 1267 946 seu
1280 891 1418 962 religiose

168 978 297 1033 vivendi.
318 979 385 1034 Aha
403 979 581 1033 documenta
601 981 681 1034 vitae
698 977 853 1048 religiosae
875 977 911 1032 al.
934 977 1091 1048 Speculum
1110 978 1330 1034 Monaohorum.
1351 979 1419 1034 Alia

167 1063 355 1118 Documenta
367 1066 446 1118 vitae
459 1063 622 1133 religiosae,
636 1063 671 1119 al.
685 1064 828 1118 Doctrina
840 1065 873 1118 B.
883 1065 1033 1120 Bernardi.
1047 1064 1122 1119 Octo
1136 1067 1251 1121 Puncta
1263 1067 1418 1136 perfeetio-

168 1151 217 1206 nis
229 1149 441 1221 assequendae.
455 1150 589 1221 Epistola
602 1150 637 1205 de
651 1150 785 1205 doctrina
797 1153 876 1206 vitae
888 1151 1018 1222 agendae
1032 1169 1085 1207 seu
1099 1153 1134 1207 (10
1146 1153 1299 1224 Regimine
1313 1154 1417 1224 cordiS,

169 1239 231 1292 oris
251 1245 281 1292 et
300 1239 406 1308 operis.
427 1238 608 1308 Opnsculum
628 1239 691 1308 „Ad
708 1237 784 1304 Quid
802 1239 942 1295 Verristi“.
960 1240 1148 1294 Lamentatio
1166 1241 1294 1310 Virginis
1308 1242 1418 1296 Mariae

170 1325 198 1392 (4
212 1325 241 1380 fl'.
255 1342 282 1378 n.
296 1343 405 1380 numm.
418 1329 450 1393 ΛΓ
462 1343 507 1395 pp.
524 1325 635 1394 1-384).
646 1356 671 1364 -
682 1325 794 1380 'Pomus
805 1327 853 1380 Vl.
866 1327 1023 1396 Appendia.
1037 1329 1168 1382 (luenici
1182 1328 1298 1383 abbatis
1310 1328 1417 1399 Igniac.

169 1419 199 1465 et
210 1411 363 1466 Gilleberti
377 1411 820 1484 (1οΗ011000100000011100οζ
832 1431 858 1467 n.
870 1432 977 1470 numm.
990 1419 1020 1481 ΛΓ
1032 1433 1078 1485 pp.
1092 1415 1185 1485 1-92).
1198 1417 1418 1472 Annotationes

167 1499 198 1552 in
213 1499 311 1569 Opera
323 1499 351 1554 S.
366 1499 395 1552 P.
408 1499 549 1554 Bernardi
563 1503 602 1570 (p.
617 1501 711 1570 1-59).
725 1500 841 1555 Indices
855 1501 883 1556 ff.
897 1503 931 1553 42
946 1519 973 1556 n.
987 1519 1096 1555 numm.

221 1587 361 1657 „Itaque“
374 1589 427 1656 (ait
440 1587 592 1658 Horatius)
607 1588 707 1658 „lrlnra
719 1607 798 1642 nunc
811 1589 924 1642 edimus
938 1607 1027 1658 quarn
1040 1606 1169 1658 unquam
1181 1589 1342 1646 hactenus:
1356 1593 1416 1644 non'

169 1683 268 1728 tamen
283 1678 387 1746 omnia,
401 1694 476 1746 «puae
491 1683 594 1730 restant
610 1677 739 1744 edenda“,
753 1676 829 1731 scil:
843 1677 931 1731 Liber·
943 1679 973 1730 in
991 1677 1204 1731 Hexaemeron.
1221 1678 1288 1733 Vita
1299 1678 1417 1732 Praela-

169 1767 276 1817 torum.
289 1764 334 1817 De
347 1764 453 1835 triplici
466 1767 649 1819 Ascensione
662 1763 699 1818 ad
714 1763 933 1835 perfectionem.
947 1764 982 1816 In
996 1764 1148 1834 Epistulas
1161 1763 1253 1818 Pauli.
1268 1765 1312 1819 De
1325 1764 1417 1834 digni-

168 1855 232 1904 tate
249 1851 281 1905 B.
298 1851 415 1908 Mariae.
434 1853 480 1906 De
496 1853 643 1906 Confliotu
660 1854 799 1906 vitiorum
818 1857 848 1906 et
866 1853 1017 1907 virtutum.
1037 1853 1082 1905 De
1100 1851 1265 1922 dejectione
1280 1851 1362 1907 Adae
1381 1869 1417 1906 ex

168 1937 316 2007 paradiso.
330 1937 374 1992 De
387 1939 529 1993 Passione
543 1939 661 1994 Christi.
675 1939 719 1992 De
733 1939 760 1991 X
774 1939 943 2008 Praeceptis
956 1945 986 1992 et
999 1939 1027 1990 X
1041 1939 1142 2009 plagis.
1162 1939 1205 1993 De
1218 1941 1416 1993 tentationum

168 2025 316 2094 periculis.
330 2024 375 2078 Ad
389 2025 642 2080 sanctimonialem
654 2025 855 2080 fluctuantem.
869 2027 912 2079 De
926 2027 1072 2095 perversis
1086 2026 1199 2080 clericis
1212 2031 1243 2080 et
1255 2025 1417 2081 claustrali-

170 2112 234 2166 bus.
252 2113 296 2166 De
312 2111 368 2166 XV
382 2115 475 2182 signis
490 2113 601 2183 judicii.
621 2113 756 2184 Elegium
774 2116 927 2168 eastitatis
948 2113 992 2167 De
1010 2121 1137 2183 quatuor
1154 2113 1303 2168 beneficiis
1320 2131 1338 2166 a
1353 2114 1417 2168 Deo

168 2199 337 2269 specialiter
349 2203 506 2254 concessis.
524 2200 731 2254 Meditationes
748 2200 796 2269 (ab
810 2200 896 2254 editis
912 2199 1055 2256 divorsae.
1069 2201 1097 2254 S.
1111 2201 1279 2256 Bernardus
1295 2203 1325 2254 in
1338 2202 1417 2272 psal-

168 2305 244 2356 moS,
263 2289 292 2340 iu
311 2289 526 2359 apocalypsin“.
540 2319 563 2327 a
578 2287 664 2354 Quod
682 2288 719 2342 ad
736 2289 833 2342 Floras
852 2289 966 2356 attinet,
986 2289 1029 2342 sic
1048 2290 1178 2358 scripsit:
1199 2289 1258 2359 „Ut
1276 2289 1346 2360 quid
1364 2289 1417 2344 tibi

168 2374 268 2428 Flores
281 2393 480 2446 excerpamus,
494 2377 542 2446 qui
555 2377 652 2446 ipsum
665 2377 716 2429 tibi
736 2377 862 2444 Hortum,
875 2382 1003 2446 quantus
1021 2381 1076 2445 est,
1089 2381 1185 2429 totum
1198 2377 1320 2430 floribus
1334 2375 1417 2430 undi-

169 2479 228 2532 que
243 2469 414 2516 vernantem
428 2463 636 2518 exhibemus“?
647 2497 671 2504 -

223 2550 308 2620 (Bibl.
323 2550 362 2605 du
375 2551 449 2622 Ray,
464 2551 555 2606 Catal.
567 2551 667 2606 Theol.
682 2552 704 2606 1.
720 2553 750 2607 O.
763 2552 796 2608 N.
814 2551 887 2605 1033.
900 2583 924 2590 —
935 2549 1053 2606 Ceillier
1063 2551 1161 2606 XXII.
1174 2549 1233 2607 466.
1244 2583 1269 2590 -
1283 2551 1416 2607 0101000-

169 2645 217 2691 001
226 2637 563 2708 395.—Fabrieius,Bibl.
574 2641 638 2695 Lat.
648 2640 670 2694 I.
678 2641 737 2694 604.
745 2640 914 2709 -Foppens
924 2639 947 2693 I.
959 2639 1018 2692 526.
1027 2637 1213 2694 -HistLitt,
1224 2637 1260 2692 de
1270 2638 1417 2692 laFrance

169 2725 256 2778 XIII.
268 2726 325 2781 130.
338 2728 397 2783 219.
408 2760 431 2766 -
443 2729 561 2798 Hurter,
574 2727 723 2783 Nemencl.
737 2728 778 2782 lit.
793 2727 815 2783 l.
829 2727 887 2780 844.
899 2759 923 2765 -
935 2726 1075 2781 Mabillon
1086 2726 1179 2780 Praef.
1194 2727 1250 2781 vol.
1261 2726 1283 2780 I.
1296 2758 1319 2764 -
1331 2725 1416 2780 Olea·

169 2817 232 2870 rius
244 2815 267 2870 I.
280 2817 336 2870 129.
347 2849 371 2855 -
382 2816 478 2871 Oudin
489 2818 528 2871 II.
541 2817 615 2871 1234.
627 2849 651 2858 -
662 2817 810 2871 Perennis
821 2817 876 2870 111.
887 2817 946 2870 239.
954 2849 978 2855 -
987 2817 1077 2872 Visch
1086 2815 1128 2870 43.
1136 2847 1160 2854 —
1173 2815 1226 2870 Vis.
1238 2831 1273 2868 ex
1284 2812 1416 2867 biblioth.

170 2910 296 2959 monast.
309 2905 434 2974 Mallia).
444 2937 468 2943 -

229 3019 324 3087 1000.
336 3059 376 3066 -
389 3019 931 3104 (10000111011110110010101..Ι
944 3019 1089 3082 Scholion
1101 3018 1262 3082 elimatam
1273 3017 1318 3079 ad
1329 3037 1417 3098 repn-

172 3107 238 3169 1001
255 3106 288 3170 S.
304 3106 479 3182 Benedicti.
495 3105 643 3171 Levanii
660 3129 714 3192 ap.
730 3105 943 3170 Everardnm
960 3106 1002 3168 de
1018 3104 1127 3168 Witte
1146 3113 1237 3168 1641.
1251 3141 1284 3149 -

224 3209 391 3278 (Antonius,
409 3208 546 3262 Biblioth.
566 3209 650 3279 Hisp.
669 3209 761 3278 Nova,
780 3208 802 3261 I.
822 3207 886 3262 670:
907 3207 1055 3278 „libellum
1074 3207 1103 3260 S.
1119 3206 1257 3261 Bernordi
1275 3205 1310 3260 de
1330 3205 1417 3259 Prae·

172 3305 258 3366 cepto
275 3301 305 3349 et
317 3294 535 3366 dispensatione
549 3295 721 3366 dilucidans
736 3298 766 3349 in
783 3313 840 3366 qno
857 3295 1084 3363 demonstratur,
1101 3298 1237 3348 sanctum
1252 3292 1332 3346 hunc
1350 3291 1417 3346 doc-

173 3394 267 3437 torem
287 3386 439 3454 opiniones
458 3385 600 3454 benignas
618 3401 734 3454 semper
753 3383 938 3452 0100100011-
950 3383 1057 3451 Mania,
1074 3381 1148 3436 Bibl.
1168 3380 1258 3449 (list).
1269 3411 1293 3418 -·

231 3499 378 3567 1004.—
393 3502 591 3582 Duohesne,
615 3501 648 3563 F
646 3501 810 3565 ranciscns
817 3520 828 3561 .·
850 3499 1015 3563 Historiae
1030 3497 1226 3560 Francorum
1244 3495 1418 3576 Scriptores

173 3584 216 3650 ab
229 3588 378 3672 vaone
394 3595 428 3650 et
443 3587 598 3652 lieberto
613 3588 724 3672 Regg.
742 3608 850 3670 usque
866 3585 908 3648 ad
921 3583 1073 3670 Philippi
1084 3581 1235 3667 Augusti
1249 3588 1417 3672 tempora.

174 3672 302 3738 Tamus
318 3675 377 3737 IV.
394 3673 555 3738 Lvtetiae
572 3673 791 3754 Peristervm,
812 3671 1006 3757 sumptibvs
1026 3668 1222 3734 Sebastiam
1239 3669 1418 3753 Oramoisy

174 3765 245 3846 typ.
260 3783 331 3846 reg.
348 3771 440 3824 1641.
457 3761 556 3825 101.-
571 3773 578 3837 t
585 3761 635 3825 lb.
656 3783 734 3846 pag.
748 3769 923 3824 rao-421:
941 3759 995 3822 Ea
1014 3758 1093 3821 libro
1106 3755 1166 3820 IV.
1187 3755 1278 3820 Vitae
1291 3755 1324 3820 S.
1337 3756 1419 3822 Ber·

174 3851 271 3912 nardi
285 3847 550 3912 Olareuallensis
561 3847 719 3929 Abbatis,
734 3855 872 3911 auctore
885 3844 1052 3910 Gaufrido
1061 3842 1233 3909 Monacho
1247 3841 1419 3907 Olareuel-

174 3933 272 4017 lensi,
294 3934 448 4000 eiusdem
469 3933 559 3998 beati
580 3934 749 3998 Bernardi
768 3932 922 3998 Notari0.
944 3970 970 3979 -
991 3932 1073 4016 Peg.
1091 3939 1266 3994 448-458:
1290 3929 1322 3994 S.
1336 3931 1419 3996 Ber·

174 4024 270 4086 nardi
287 4027 373 4104 (etc.)
390 4022 554 4103 Epistulae
565 4024 732 4086 historicae
744 4020 845 4106 [XV].
858 4019 940 4103 Pag.
957 4030 1030 4082 493.
1045 4019 1077 4082 S.
1090 4017 1255 4081 Bernardi
1273 4019 1358 4100 (etc.)
1376 4019 1420 4082 ad

174 4107 304 4196 Papam
320 4108 526 4193 Eugenium,
543 4111 581 4173 (10
595 4110 688 4173 100(Ιο
701 4108 834 4172 Dornini
848 4107 972 4189 Snpcrii
984 4104 1130 4169 Abbatis
1143 4104 1177 4168 S.
1191 4103 1378 4189 Dionysii).
1391 4143 1418 4152 -

226 4213 314 4280 (ffist.
332 4213 401 4266 Litt.
418 4212 454 4267 de
471 4213 499 4266 la
514 4213 626 4266 Franoe
639 4211 723 4267 XIII.
739 4212 810 4265 2201
822 4211 922 4266 -Not
939 4227 974 4264 ex
993 4207 1122 4263 biblioth.
1140 4208 1227 4278 palat.
1245 4207 1378 4276 Menan).
1393 4237 1419 4247 -

230 4327 373 4396 1001).-
389 4331 612 4411 Pleszeviusr‚
632 4327 757 4392 Lucas:
775 4327 957 4390 Harmonia
977 4323 1158 4406 spiritualis
1179 4344 1247 4387 carn
1263 4323 1419 4405 rythmice

172 4413 216 4478 D.
232 4415 397 4480 Bcerrardi
412 4417 608 4499 symphonia.
626 4413 820 4479 Posnaniae
838 4421 930 4480 1641.
946 4411 1111 4497 Regulus.
1127 4449 1152 4456 -

225 4519 404 4585 (Estreioher
422 4519 503 4574 VIII.
522 4520 592 4587 235).
603 4551 627 4558 —

228 4636 380 4705 1006.-
396 4636 593 4711 Sanderus‚
620 4635 796 4699 Antonias:
821 4630 1020 4696 Bibliotheca
1045 4629 1177 4712 Belpica
1203 4627 1420 4706 manasaipta

173 4723 246 4789 sive
270 4723 434 4789 elenchus
457 4721 661 4788 universalis
685 4719 843 4786 codicum
865 4717 965 4782 MSS.
983 4717 1019 4781 in
1043 4713 1289 4782 celebrioribus
1304 4710 1420 4796 Belgii
