3398 5270
680 403 834 500 „39—

119 590 341 677 interssgnio
354 593 391 676 (1)
406 589 499 656 beati
512 589 663 657 Martini.
680 593 782 657 Anno
799 591 843 655 ab
859 589 1096 655 incarnatione
1112 590 1255 656 Domini
1271 591 1380 658 milla-

120 679 219 744 simo
235 677 513 764 quingentesimo
526 679 696 744 secundo:
713 679 865 744 secundo
879 677 996 742 Nonas
1008 677 1033 742 J
1034 676 1119 763 unij.
1136 677 1279 744 E88vo:
1296 679 1379 744 Diui

121 765 301 830 Bernardi
316 764 452 830 abbatis
469 765 512 830 ad
528 787 699 830 sororem:
716 765 839 830 modus
855 764 944 829 hene
960 763 1111 829 viuendi.
1124 803 1158 812 -

180 871 213 923 8⁰
222 871 291 924 min.
300 869 383 938 goth.
393 869 427 922 88
437 869 466 924 ff.
476 887 536 922 non
546 886 655 924 numm.
667 868 739 924 3511.
750 887 816 924 curn
829 871 903 936 sign.
914 869 977 923 sine
988 873 1062 924 cust.
1071 899 1097 907 -
1108 869 1190 932 (Brit.
1201 869 1276 924 Mus.
1287 869 1381 926 Oetal.

123 955 242 1025 „Berg“
257 955 314 1010 119.
325 988 349 994 -
361 954 1004 1012 S.ammersminiblioth.111.85.N.5455.-
1013 955 1092 1010 Hist.
1101 955 1172 1010 Litt.
1182 956 1218 1010 de
1231 957 1260 1011 la
1268 957 1381 1013 Franco

120 1043 216 1098 xm.
228 1041 288 1098 225.
299 1073 323 1082 —
334 1043 454 1112 Panzer‚
466 1043 540 1097 Ann.
550 1048 610 1114 typ.
622 1042 686 1097 VII.
697 1043 755 1098 502.
767 1043 800 1096 Ν.
808 1041 850 1097 23.
860 1073 885 1082 —
899 1042 952 1098 Via.
965 1058 1001 1095 ex
1015 1041 1147 1097 biblioth.
1158 1044 1246 1114 palat.
1257 1044 1380 1116 Monac,

123 1147 149 1184 c.
164 1147 190 1184 r.
205 1129 289 1185 stud.
306 1129 438 1184 Olomuc.
453 1137 484 1184 et
494 1135 621 1185 monast.
635 1129 663 1184 S.
676 1130 756 1183 Petri
770 1129 951 1200 Salisburg.).
961 1161 985 1168 -

182 1260 311 1328 308.—
322 1261 333 1336 1
336 1262 371 1328 S.
379 1263 598 1330 Bernardus.
612 1261 731 1328 Modus
745 1261 818 1327 benc
830 1263 965 1326 vivendi.
976 1263 1031 1347 —)
1047 1261 1103 1326 Fl
1122 1262 1205 1328 Tit:
1220 1261 1381 1328 1110110-

122 1351 230 1412 nardi
245 1349 373 1414 attaris
387 1351 432 1412 orl
448 1370 584 1412 sororem
601 1349 713 1413 modiis
728 1348 802 1413 beno
818 1350 946 1414 uiuendi
966 1347 1002 1413 in
1023 1348 1246 1414 christianam
1264 1349 1380 1436 religi-

123 1455 244 1500 onem.
266 1435 330 1519 Pg.
348 1443 384 1498 3:
404 1435 486 1498 Diui
502 1434 670 1500 Bernardi
687 1435 840 1500 doctoris
857 1435 1036 1500 clarissimi
1054 1435 1202 1500 Abbatis
1219 1437 1379 1503 Glareua-

123 1522 237 1586 lensis
250 1523 306 1608 (!):
332 1523 373 1586 ad
392 1543 546 1587 sororem
565 1543 679 1586 suam:
704 1521 829 1588 Modus
844 1521 933 1586 bene
946 1520 1108 1587 uiuendi:
1132 1523 1168 1587 in
1184 1544 1252 1608 quo
1270 1523 1380 1588 conti·

123 1619 233 1674 netur
249 1609 403 1674 omnium
417 1608 584 1674 virtutum
601 1631 734 1672 summa
749 1609 791 1672 ad
809 1608 1032 1673 christianam
1044 1610 1247 1695 religionem
1262 1633 1380 1676 neces·

123 1695 230 1761 saria.
253 1695 316 1780 Pg.
338 1707 414 1760 157:
432 1745 439 1760 .
454 1745 461 1760 .
476 1746 483 1761 .
500 1719 575 1760 mee
590 1695 794 1779 iniquitatis.
811 1697 932 1761 Amen.
947 1697 1040 1761 Laus
1057 1696 1287 1783 omnipotenti
1304 1698 1379 1763 deo.

123 1783 343 1870 Impressum
366 1781 524 1847 Uenetiis
546 1804 608 1868 per
632 1783 774 1847 Petrum
798 1784 840 1847 de
865 1782 1068 1869 Quarengiis
1092 1783 1379 1882 Bergomensem.

121 1869 298 1954 Mcccccij
311 1867 661 1954 ,Die.iij.Octobris.
685 1869 747 1954 Pg.
767 1879 944 1934 159-159:
971 1870 1104 1936 Tabula
1125 1871 1226 1936 huius
1246 1871 1379 1958 operis.

125 1957 239 2020 Dein:
256 1957 366 2021 Finis.
382 1996 416 2004 --

179 2061 220 2115 8⁰.
237 2059 286 2114 160
295 2079 343 2131 pp.
357 2077 421 2113 curn
435 2063 508 2130 sign.
522 2059 613 2115 20011.
624 2091 649 2100 -
660 2060 776 2129 (Bocca,
787 2059 880 2114 Catal.
889 2060 932 2114 43.
943 2092 968 2098 —
978 2053 1138 2132 Miramur,
1153 2063 1225 2132 App.
1238 2060 1267 2115 ll.
1282 2079 1304 2118 s.
1315 2061 1379 2118 XV.

125 2153 260 2202 monast.
275 2147 303 2202 S.
316 2147 403 2202 Mich.
420 2150 460 2201 hl.
472 2179 493 2186 -
506 2147 572 2202 Not.
587 2165 622 2200 ex
640 2147 771 2203 biblioth.
787 2155 913 2203 monast.
931 2147 969 2202 ad
984 2148 1011 2202 S.
1026 2147 1146 2202 Petrum
1164 2149 1345 2221 Salishurgi).
1355 2182 1380 2190 -

644 2325 680 2392 G.
704 2347 735 2393 a.
759 2326 867 2392 1502:

182 2465 262 2534 309.
274 2505 317 2514 -
330 2465 383 2530 Fr
402 2463 485 2529 Tit:
503 2467 713 2533 Bernardus
725 2466 762 2530 de
779 2467 1000 2530 concordantia
1014 2469 1154 2530 statuum
1165 2466 1381 2548 religiosorum

127 2553 187 2637 qui
201 2573 271 2704 pro
291 2573 354 2616 suo
371 2559 526 2638 tempore
548 2559 654 2617 erant.
679 2551 820 2636 Insigne
837 2559 910 2638 typ.
931 2574 1008 2615 curn
1028 2551 1137 2616 literis
1152 2554 1182 2619 D
1197 2553 1236 2635 11,
1252 2551 1381 2616 circum

127 2661 198 2724 quo
238 2639 357 2704 eadem
370 2639 476 2703 verba
491 2660 579 2723 quae
595 2638 631 2702 in
647 2638 688 2704 N.
701 2637 766 2707 307
780 2647 814 2702 et
827 2661 952 2703 nomen
970 2638 1077 2704 Denis
1093 2639 1189 2703 Roce
1210 2639 1382 2724 leguntur.

127 2727 206 2792 Fa:
224 2725 354 2812 Incipit
377 2724 514 2789 libellus
537 2725 697 2790 bernardi
720 2725 855 2790 abbatis
880 2725 1137 2790 clareuallensis
1151 2775 1158 2790 .
1173 2725 1215 2789 de
1240 2747 1382 2792 concor-

128 2813 251 2878 dantia
268 2815 373 2898 (etc.).
390 2811 589 2876 Venerabili
613 2811 805 2898 presbitero
828 2836 850 2877 v
865 2835 897 2877 v.
914 2813 1020 2877 frater
1034 2811 1239 2878 Bernandus
1255 2813 1293 2899 (i)
1315 2811 1382 2878 fra-

129 2900 345 2984 brumiate).
362 2899 390 2962 F
407 2909 455 2981 13,
471 2899 493 2962 1.
513 2908 567 2963 13;
584 2898 714 2986 Incipit
727 2901 878 2981 epistola.
900 2901 1063 2964 Bornurdi
1085 2900 1211 2965 abbatis
1227 2900 1265 2967 de
1280 2901 1382 2966 clara·

130 2989 213 3052 ualle
230 2989 264 3050 in
277 2987 356 3051 libro
369 2987 406 3051 (lc
419 2988 652 3068 dispensatione
664 2992 692 3050 ot
698 2993 854 3068 precepto.
870 2987 908 3050 Iu
924 2985 1001 3069 fine,
1019 2987 1114 3051 Fas:
1128 2986 1284 3072 Explicit
1294 2986 1383 3051 liber

131 3074 173 3138 de
189 3073 449 3160 dispensatione
466 3081 501 3138 et
516 3080 690 3159 precepto

287 3161 419 3224 Rector
433 3168 605 3225 rectorum
621 3159 705 3224 deus
722 3166 818 3225 actor
833 3181 964 3224 summe
980 3158 1149 3224 bonorum

288 3246 451 3311 Personis
467 3247 556 3311 trine
572 3246 631 3330 qui
647 3245 726 3310 finis
743 3269 778 3310 es
795 3255 831 3310 et
845 3246 919 3310 sine
933 3246 1002 3310 fine

290 3333 415 3398 Grates
431 3333 537 3399 reddo
555 3332 619 3397 tibi
635 3331 694 3418 qui
711 3341 745 3398 te
762 3333 913 3398 donante
929 3332 1058 3419 peregi.
1068 3371 1102 3380 -

176 3437 212 3490 32
220 3437 250 3490 ff.
262 3453 321 3490 non
330 3454 449 3506 numm,
459 3435 497 3491 8⁰.
508 3436 551 3490 ch.
561 3435 642 3508 goth.
652 3435 722 3490 3811.
733 3453 799 3489 cum
810 3437 872 3506 sig,
883 3437 947 3490 sine
957 3442 1031 3492 cust.
1042 3435 1060 3488 1.
1071 3441 1101 3490 ct
1111 3453 1135 3490 a.
1145 3435 1266 3505 (Verum
1276 3437 1382 3490 cumin

131 3523 292 3594 exemplari
306 3541 324 3577 a
335 3523 421 3578 nobis
434 3525 567 3594 inspecto
581 3528 725 3577 tractatus
739 3522 796 3592 ille,
808 3523 881 3577 libro
895 3524 922 3578 S.
933 3521 1075 3578 Bernardi
1089 3523 1150 3592 „De
1163 3521 1251 3576 modo
1263 3521 1382 3576 vivendi

130 3609 324 3666 adsererem“
334 3609 501 3681 adjunctus,
510 3616 626 3681 praeter
635 3610 749 3680 insigne
760 3625 849 3680 supra
858 3615 993 3663 notatum
1004 3611 1091 3663 etiam
1103 3608 1223 3663 eosdem
1232 3614 1321 3679 typos
1332 3624 1381 3662 ex·

131 3697 239 3766 hibeet,
254 3696 358 3752 eodem
370 3698 433 3752 fors
447 3715 524 3751 anno
539 3697 605 3750 1502
618 3699 781 3767 impressus
795 3703 849 3752 cst.
858 3697 967 3752 -Hist
984 3697 1053 3750 Litt.
1071 3697 1107 3750 de
1124 3695 1155 3750 la
1169 3695 1281 3750 Franco
1295 3693 1380 3751 XIII.

131 3783 713 3856 225.-Ρο11101,Αο0.0011112011.Ν.
725 3783 833 3837 2681-
847 3785 900 3837 Vis.
914 3801 950 3838 ex
963 3783 1096 3837 biblioth.
1110 3783 1197 3854 palat
1211 3782 1345 3850 Monac).
1356 3814 1381 3823 -

184 3915 598 4002 310.-(S.Bernardus.
612 3916 662 3982 De
674 3917 941 3983 Consideralione.
952 3915 1071 4001 —)E1
1090 3915 1174 3980 Tit:
1191 3914 1382 3980 Bernartius

132 4004 175 4066 orl
197 4003 378 4086 Eugenium
388 4025 521 4086 papam.
543 4003 686 4089 insigne
701 4002 865 4088 Dionysii
880 4003 986 4068 Roce.
1007 4003 1084 4066 Fi:
1100 4001 1281 4086 Prologus.
1301 4000 1382 4065 Pre-

133 4087 217 4154 fatio
230 4089 393 4155 bernardi
432 4091 465 4154 ie
477 4090 641 4155 memorie
655 4089 911 4155 clareuallensis
925 4090 968 4154 ad
980 4088 1177 4173 Eugenium
1188 4109 1324 4174 papam.
1341 4087 1382 4150 In

133 4175 217 4241 fine:
231 4175 389 4262 Explicit
402 4113 490 4242 iiber
505 4176 672 4242 Bernardi
690 4177 733 4241 ad
747 4175 941 4261 Eugenium
959 4198 1095 4262 papam.
1110 4215 1136 4222 -

184 4279 222 4334 8⁰.
235 4279 310 4332 5911.
323 4297 352 4334 n.
362 4297 472 4334 numm.
486 4297 552 4334 cum
562 4283 615 4350 sig.
626 4281 690 4334 sine
700 4287 775 4334 cust.
788 4279 853 4334 loco
864 4279 1008 4351 (Parisiis)
1022 4285 1139 4334 stanno
1154 4283 1187 4344 (e.
1203 4277 1276 4334 1502.
1288 4309 1313 4318 -
1328 4278 1381 4332 Via.

136 4381 170 4418 ex
182 4364 317 4420 biblioth.
331 4365 418 4437 palat.
431 4365 566 4432 1101100).
577 4398 602 4406 -

185 4487 371 4574 {tlt-(S.
387 4491 608 4558 Bernardus.
628 4489 786 4572 Opascrda
800 4491 903 4555 00110.
913 4489 968 4570 —)
981 4489 1010 4552 F
1024 4500 1038 4553 1
1057 4488 1139 4552 Tit:
1156 4489 1382 4554 Meditolioucs

135 4577 234 4642 saucii
245 4575 412 4642 Benarni
426 4576 560 4642 obbatis.
577 4575 719 4641 Parisiis
735 4576 906 4640 sumtibus
918 4574 1079 4660 Dionysii
1092 4576 1212 4640 Rosse.
1239 4574 1381 4660 insigne

137 4683 208 4726 cnm
229 4661 341 4727 literis
363 4665 401 4731 D.
423 4665 462 4730 R.
489 4669 525 4728 et
547 4661 774 4749 inscriptione
801 4662 884 4726 hac:
909 4662 1133 4728 Alaventure.
1160 4669 1247 4728 tout.
1274 4661 1380 4729 vient.
