3398 5270
218 577 541 652 (Dibdin,'1'yp.Autiq.
554 579 610 634 111.
624 579 666 634 67.
679 579 712 636 N.
728 580 786 635 799.
796 578 969 636 -Johnson
981 580 1005 637 Ι.
1015 580 1076 636 486.
1086 580 1268 638 -Lowndes
1283 581 1307 638 Ι.
1320 581 1381 638 256.
1390 613 1417 623 -

163 663 329 733 Perennis,
348 666 449 738 Suppl.
468 667 576 738 313).-

712 819 752 886 A.
768 821 871 887 1534:

223 955 300 1024 472.
310 995 351 1003 -
364 957 412 1041 (S.
425 958 645 1026 Bernartius.
662 957 712 1022 Dc
729 958 847 1023 &hatte
861 963 914 1022 etc.
928 957 984 1042 -)
996 956 1079 1022 Divi
1091 957 1257 1022 Bernardi
1268 957 1417 1022 Abbatis

167 1040 391 1108 Clarevallis:
416 1043 547 1109 ordinis
573 1043 829 1109 Cisteroiensis:
853 1043 1017 1109 Doctoris
1037 1043 1254 1108 disertissimi
1275 1066 1315 1108 ac
1335 1067 1416 1110 vere

164 1128 337 1213 melliflui,
354 1131 392 1194 de
412 1131 529 1196 Gratia
545 1131 684 1196 allidere
700 1131 835 1196 arbitrio
850 1139 1028 1196 tractatus
1044 1131 1086 1196 In
1097 1129 1183 1196 fine:
1200 1131 1307 1218 Apud
1321 1139 1417 1197 anto-

164 1215 267 1366 nifirgm
283 1217 471 1301 agerellum
488 1215 552 1281 sub
568 1217 720 1303 insignio
736 1219 779 1282 D.
790 1217 920 1302 iacobi,
937 1218 994 1282 via
1011 1218 1053 1282 ad
1070 1225 1229 1283 sanetum
1240 1218 1416 1284 Iacobum.

168 1315 183 1366 1
236 1315 266 1367 4.
279 1341 314 1350 -

222 1407 257 1458 44
274 1407 303 1460 ff.
320 1424 428 1461 numm.
445 1423 512 1461 cum
528 1409 601 1478 sign.
619 1425 642 1463 s.
660 1415 733 1464 cust.
749 1409 779 1461 8⁰
794 1409 861 1462 min.
874 1408 997 1480 -fflist
1016 1409 1086 1463 Litt.
1105 1408 1142 1464 de
1158 1409 1187 1463 la
1202 1408 1314 1463 Franco
1332 1408 1416 1465 XIII.

164 1493 229 1548 222.
239 1523 266 1534 -
282 1495 334 1548 Via
348 1512 384 1550 ex
398 1494 528 1550 biblioth.
542 1495 629 1566 palat,
643 1494 826 1565 vindobon).
836 1526 863 1536 -

221 1641 350 1712 473.—
363 1645 397 1712 S.
413 1646 592 1714 Bernardi
615 1645 718 1727 Opera
738 1645 862 1721 Omnia,
886 1644 1053 1731 impressa
1072 1643 1109 1708 in
1127 1643 1255 1730 insigni
1276 1645 1417 1730 Lugdu-

167 1729 271 1794 nensi
296 1729 449 1816 emporio
473 1730 643 1796 industria
669 1739 704 1796 et
731 1731 891 1817 expensis
918 1730 1019 1818 probi
1045 1731 1110 1796 viri
1133 1731 1281 1797 Joannis
1306 1732 1416 1798 Olein.

167 1815 291 1881 Finita
307 1816 487 1904 impressio
504 1818 666 1884 Calendis
681 1819 832 1904 Augusti
851 1829 944 1884 1534.
958 1858 984 1866 -

221 1919 333 1992 (Hujus
343 1920 490 1990 editionis,
503 1921 615 1976 anobis
626 1923 739 1976 incerto
750 1939 786 1976 ex
798 1923 881 1976 l'onte
890 1921 1056 1994 adnotatae,
1068 1924 1169 1994 paucis
1182 1924 1316 1977 meminit
1327 1923 1415 1978 Garo-

166 2007 216 2062 lus·
233 2009 380 2063 Ole'meacel
392 2026 419 2079 p.
433 2008 491 2064 39⁶2.
505 2007 572 2062 Alia
584 2009 696 2080 latent).
707 2040 732 2051 -

711 2212 751 2279 A.
767 2217 871 2281 1535:

222 2359 298 2426 474.
310 2400 348 2406 -
359 2361 407 2446 (S.
416 2362 635 2430 Bernardus.
647 2399 672 2407 -
685 2361 920 2425 Mcdilciionca
931 2359 985 2446 —)
998 2359 1081 2425 Divi
1091 2361 1257 2426 Beraerdi
1268 2359 1416 2425 Abbatis

170 2446 398 2512 Mcdilalioncs
415 2447 668 2512 devotissimae.
690 2447 743 2511 Ac
763 2446 830 2511 alia
850 2447 1017 2531 quaedam
1038 2446 1192 2511 eiusdem
1214 2455 1249 2511 et
1270 2447 1416 2512 aliorum

168 2533 227 2618 pia
242 2535 402 2614 ollascalu.
416 2573 449 2582 —
461 2535 503 2598 In
518 2534 603 2599 fine:
621 2533 777 2599 Venetiis
793 2557 855 2620 per
866 2535 1039 2600 Joannern
1054 2534 1261 2598 Pataviuum
1278 2541 1313 2598 et
1324 2535 1416 2599 Ven-

168 2620 324 2684 turinum
341 2621 382 2684 de
399 2621 597 2686 Ruffinellis
611 2621 715 2686 Anno
733 2620 863 2685 domini
878 2621 972 2685 M.D
985 2671 992 2685 .
1004 2621 1153 2685 XXXV.
1174 2628 1236 2685 12¹¹.
1254 2659 1287 2668 —

223 2723 340 2794 (Bocoa,
355 2723 446 2779 Catal.
456 2725 582 2780 XXVII.
594 2725 628 2779 N.
639 2725 682 2779 88.
692 2757 716 2763 -
726 2724 803 2780 Hist.
815 2723 885 2778 Litt.
896 2723 932 2778 de
943 2725 971 2778 la
980 2723 1091 2778 Franco
1101 2723 1187 2780 xm.
1197 2724 1257 2778 224.
1268 2756 1292 2762 —
1303 2725 1416 2778 Panzer

169 2811 245 2864 Ann.
260 2817 320 2882 typ.
334 2811 387 2867 XI.
401 2812 460 2866 535.
473 2811 506 2866 N.
523 2811 597 2868 1877.
610 2812 648 2882 h).
659 2841 685 2852 -

223 2961 298 3030 475.
315 3001 358 3010 -
374 2964 630 3048 (Olichtoveus.
648 2966 703 3048 —J
729 2963 892 3027 Samaeos
914 2962 1032 3027 dodoci
1057 2963 1235 3038 Olicblooci,
1259 2962 1415 3047 Neopor-

169 3055 263 3116 tuen.
282 3049 446 3114 Doctoris
466 3048 634 3135 Theologi
655 3058 691 3113 et
711 3048 894 3114 Carnoten.
920 3047 1097 3131 Canonici,
1118 3048 1283 3113 studiosis
1307 3048 1416 3113 omni-

169 3135 245 3218 bus,
262 3135 343 3200 huic
359 3135 578 3222 potissimum
594 3135 741 3222 tempori
758 3135 807 3217 (in
823 3156 892 3219 quo
909 3136 951 3199 de
966 3134 1145 3220 religione,
1167 3143 1201 3198 et
1216 3135 1284 3198 lide
1301 3156 1416 3200 sacro-

169 3231 291 3288 sancta
309 3223 389 3308 plus
412 3245 522 3308 aequo
547 3222 829 3303 controuertitur)
853 3243 1070 3307 summopere
1093 3222 1288 3290 necessarii.
1313 3221 1414 3288 Colo·

168 3309 258 3390 niae,
273 3309 377 3375 Anno
393 3309 640 3374 M.DXXXV.
661 3309 720 3374 fol.
737 3347 771 3356 —
786 3317 838 3387 (Ib.
858 3315 920 3369 Fol.
941 3315 1158 3371 cavo-0011:
1177 3315 1220 3369 De
1237 3321 1330 3370 sencio
1351 3317 1414 3369 Ber·

168 3413 259 3466 nardo
284 3413 456 3467 consessore
481 3419 511 3467 et
534 3415 647 3482 abbate,
671 3429 772 3468 sonae:
797 3413 825 3467 S.
850 3411 1018 3466 Bernartius
1040 3412 1160 3465 lucern'a
1184 3411 1413 3466 ardeus-Fol.

170 3499 451 3556 CCLVI-CCLIX:
470 3500 563 3554 Sermo
579 3501 613 3554 dc
626 3505 719 3555 saeclo
733 3499 883 3554 Bercurdo.
894 3531 919 3540 -
929 3501 1006 3554 Noti.
1023 3517 1060 3553 ex
1074 3498 1205 3554 biblioth.
1223 3503 1349 3553 inorrest.
1363 3499 1413 3552 Al·

169 3586 268 3642 tovad.
289 3593 319 3641 et
336 3587 425 3658 palat.
444 3588 612 3657 Monac).-

711 3738 750 3804 Α.
765 3740 870 3805 1536;

222 3874 299 3942 476.
308 3915 349 3922 -
358 3875 612 3941 Diuchraardi
624 3874 759 3940 abbatia
774 3874 975 3940 Olareuallis
989 3897 995 3939 :
1010 3873 1140 3940 ordinis
1154 3872 1413 3940 cisterciensis:

169 3961 324 4027 doctoris
336 3961 554 4027 disertissimi
571 3985 611 4027 ac
623 3985 703 4027 vere
716 3962 882 4046 melliflui,
898 3984 993 4044 opera
1005 3964 1111 4026 oninia
1125 3984 1131 4026 :
1149 3961 1266 4026 divine
1277 3961 1415 4026 institu-

169 4047 275 4114 tionis
294 4048 519 4114 resertissima
532 4072 538 4113 :
553 4049 766 4114 accuratiore
787 4071 931 4113 censura
950 4048 1019 4111 iam
1039 4047 1152 4113 denuo
1169 4049 1349 4133 recognita
1365 4057 1414 4113 at-

169 4157 236 4220 que
251 4136 414 4221 reposita.
430 4136 560 4201 Rerum
577 4159 616 4200 cc
632 4144 841 4201 tractatuum
857 4135 980 4200 seriem
997 4142 1031 4198 et
1046 4136 1251 4220 catalogum,
1268 4157 1414 4220 sequens

169 4245 190 4286 a
207 4231 307 4308 tergo
329 4222 457 4308 pagina
473 4224 766 4288 commonstrahit.
787 4223 938 4298 Parisiis,
960 4222 1051 4307 apud
1070 4222 1252 4287 Claudium
1269 4223 1414 4288 Cheual·

169 4309 302 4374 lonium
315 4312 324 4348 ¹
328 4319 340 4395 l
357 4311 400 4374 ad
416 4308 552 4394 insigne
569 4311 660 4376 Solis
677 4310 780 4393 aurei,
795 4310 832 4374 in
848 4309 905 4374 via
920 4310 944 4374 J
947 4308 1076 4374 acobea
1094 4319 1187 4373 1536.
1203 4347 1237 4357 -

222 4412 286 4467 Fol.
300 4411 329 4468 ff.
343 4412 384 4467 31.
402 4429 430 4468 11.
444 4431 562 4482 numm,
577 4414 629 4466 290
642 4415 675 4482 =†-
688 4414 722 4468 38
733 4432 853 4483 numm,
867 4414 885 4466 2
900 4432 928 4467 n.
941 4431 1059 4484 nurum,
1076 4412 1109 4465 32
1122 4431 1230 4467 numm.
1246 4437 1277 4458 :-
1291 4414 1415 4467 aeth:-

170 4499 259 4570 (nist.
278 4499 349 4554 Litt.
367 4499 404 4554 de
423 4499 452 4554 la
467 4499 580 4554 Franoe
595 4501 681 4555 XIIL
698 4502 758 4556 ι218.
768 4531 793 4542 -
803 4502 925 4569 Panaer,
940 4502 1016 4554 Ann.
1033 4505 1092 4572 typ.
1108 4499 1190 4554 VIII.
1206 4499 1265 4553 203.
1281 4499 1314 4554 N.
1331 4501 1413 4563 263&

169 4585 221 4640 XI.
231 4585 292 4640 494.
304 4585 341 4642 N.
350 4585 428 4642 2638.
442 4617 471 4627 -
483 4587 627 4643 Schwarz.
639 4586 714 4642 Bibl
727 4589 750 4642 I.
766 4589 840 4642 1796.
851 4621 875 4628 —
886 4589 940 4642 Vis.
954 4605 990 4640 ex
1003 4587 1135 4642 biblioth.
1148 4586 1236 4657 palat.
1249 4585 1381 4659 Monac.).
1389 4617 1414 4625 -

219 4673 256 4729 N.
278 4674 302 4728 l.
320 4671 421 4728 Editio
441 4673 634 4731 Glichthove'a
643 4705 670 4716 -·
