3400 5276
280 608 529 694 quotidianum.
556 609 786 694 itinerarium,
811 610 968 696 aliaeque
991 611 1209 698 precationes
1233 613 1321 699 piae.
1349 615 1380 678 A
1400 615 1528 682 Joouae

283 696 496 778 Cbopeouillc.
512 697 634 761 Leodii
653 707 745 762 160⁷.
765 708 814 762 18.
826 736 860 745 —

331 799 416 869 (Bibl.
430 799 587 864 Zoohiana‚
600 801 674 871 App.
687 800 721 856 N.
737 800 827 856 13922.
839 833 864 840 -
874 802 936 858 Cat.
950 802 1023 858 Nos.
1036 802 1162 859 Nundin.
1175 804 1309 860 Francos.
1319 804 1357 859 ad
1366 822 1391 861 a.
1404 805 1530 874 1608).-

333 921 407 991 798.
417 961 460 970 -
470 925 685 1009 (Feldmayr.
698 927 755 1007 —)
768 925 924 1008 Ryllimus
932 947 943 989 .·
953 925 998 989 Ei
1009 927 1203 991 sauvissima
1215 926 1257 990 D.
1268 927 1432 993 Bcramrdi
1445 928 1525 1006 oda,

278 1009 384 1094 vulgo
401 1011 531 1076 Jutilus
547 1009 649 1092 dicta,
667 1009 822 1088 Quatuor
836 1011 981 1076 vocibus
997 1009 1104 1076 latine
1119 1019 1155 1076 et
1169 1014 1366 1098 germanice
1383 1036 1525 1102 compo-

279 1095 347 1160 sita
369 1095 527 1162 Authore
550 1096 676 1161 Jouuac
697 1097 874 1182 Feldmuyr
896 1097 1191 1184 Geisenl'eldense,
1214 1099 1341 1164 Ducali
1365 1101 1524 1188 Collegio

277 1181 610 1268 Berchtersgadensi
633 1181 677 1248 ab
702 1183 859 1268 Organis.
882 1184 1055 1270 Dilingae,
1078 1185 1187 1271 Typis
1209 1186 1335 1252 Adami
1357 1187 1526 1253 Meltzeri.

281 1279 373 1335 1607.
391 1271 437 1336 4⁰.
450 1307 477 1318 ·-

330 1371 433 1444 (Cetei.
445 1371 520 1426 Nov.
532 1371 659 1429 Nundin.
672 1373 807 1429 Francol'.
823 1373 909 1445 1607).
919 1407 944 1414 -

331 1495 406 1564 799.
418 1533 461 1543 -
473 1497 649 1581 (Forsler.
665 1499 717 1580 -l
737 1496 885 1578 sperata
906 1497 1069 1563 Barnordi
1088 1497 1125 1562 in
1145 1498 1279 1564 senium
1301 1499 1406 1584 ducti,
1427 1502 1525 1583 Quale

278 1583 385 1647 aebeat
401 1604 467 1648 osse
479 1584 616 1664 reyiuian
629 1580 793 1667 cvivsqve
806 1582 967 1667 Praelati,
980 1584 1152 1671 Principis
1166 1593 1201 1650 et
1212 1586 1359 1651 Beronis
1375 1587 1412 1651 in
1424 1587 1524 1651 fami·

277 1668 323 1732 lia
342 1691 414 1733 aua.
435 1669 489 1732 Ad
512 1667 701 1752 gratiosum
725 1667 869 1733 militem
890 1679 926 1734 et
947 1671 1084 1736 felicem
1105 1673 1324 1754 lisymvudvm
1345 1673 1525 1739 dominvm

278 1755 389 1820 Castri
405 1755 598 1836 Ambrosii,
616 1778 634 1818 e
655 1754 786 1842 scripto
807 1755 926 1820 codice
946 1758 1210 1823 membranaceo
1229 1782 1322 1824 nunc
1343 1761 1438 1824 edita
1460 1783 1525 1846 per

284 1841 353 1906 Vol.
384 1843 470 1908 Caii.
497 1842 637 1917 Forsior,
663 1841 811 1906 l.V.D.
836 1843 1042 1909 Excudebat
1064 1845 1198 1910 Johan:
1226 1846 1392 1928 Schmidt,
1416 1848 1522 1912 Anno

275 1928 312 1992 Μ
323 1927 505 1994 .D.CVII.
521 1927 767 2013 Wittebergae.
785 1933 831 1994 4⁰.
845 1967 872 1975 -

327 2030 505 2100 (Hendreioh
518 2029 541 2084 l.
554 2031 613 2084 530.
624 2063 648 2070 —
666 2032 716 2086 Vis.
731 2031 879 2102 exemplar
895 2051 931 2088 ex
945 2034 1075 2088 biblioth.
1089 2052 1147 2105 reg.
1161 2035 1523 2106 D1·esdo-Neostari.,mu·

277 2119 369 2188 iilum,
382 2118 455 2172 solis
468 2119 562 2188 primo
576 2123 606 2172 et
619 2118 722 2172 ultimo
736 2119 814 2174 i'oliis
829 2121 987 2191 constans).
999 2153 1024 2161 -

328 2239 406 2308 800.
418 2277 462 2287 —
474 2241 615 2325 (Lopez.
634 2245 687 2324 —l
705 2241 850 2322 Epiioiue
867 2242 1055 2308 Suuclorum
1066 2243 1203 2310 Petrum
1218 2267 1281 2330 per
1292 2245 1406 2310 Locos
1419 2245 1523 2310 Com-

275 2347 406 2409 munes,
431 2325 490 2410 qui
520 2325 561 2390 ad
591 2326 757 2391 virtutum
781 2336 815 2392 et
837 2327 1002 2393 vitiorum
1024 2329 1281 2395 Tractationem
1308 2339 1343 2396 et
1371 2332 1414 2395 ad
1438 2331 1523 2396 fidei

275 2423 414 2478 nostrae
434 2412 676 2496 mysteriorum
696 2413 947 2500 expositionem
972 2416 1157 2502 pertinent,
1182 2418 1223 2481 ad
1245 2440 1359 2482 sacrae
1382 2417 1523 2484 concio·

275 2522 335 2563 nes
351 2521 414 2585 per
429 2507 541 2564 totum
555 2522 683 2564 annum
698 2501 740 2564 de
753 2501 922 2587 Tempore
939 2509 974 2565 et
987 2503 1029 2566 de
1042 2502 1196 2568 Sanctis:
1214 2505 1267 2568 Ex
1281 2503 1440 2589 Origene,
1452 2505 1522 2570 Ba-

275 2585 362 2668 silio,
381 2585 639 2671 Chrysostomo,
655 2587 879 2671 Hieronymo,
899 2588 1094 2673 Ambrosio,
1115 2591 1322 2674 Augustino,
1339 2592 1521 2676 Gregorio,

274 2673 444 2738 Beruurdo
465 2673 584 2736 desum
611 2681 656 2755 ta,
676 2696 768 2738 nune
787 2674 935 2759 primurn
955 2675 991 2739 iu
1008 2677 1193 2741 Germania
1215 2677 1251 2742 in
1267 2677 1396 2742 Lucem
1416 2679 1522 2743 edita.

273 2761 427 2824 Auctore
442 2760 483 2823 R.
501 2759 543 2823 D.
594 2760 742 2825 .‹louaac
758 2761 870 2842 Lepas,
888 2761 1063 2848 Episcopo
1079 2762 1342 2850 Monopolitano
1359 2787 1401 2828 ex
1422 2787 1522 2830 sacre

275 2844 357 2998 ῼέἓῖ
367 2845 559 2996 Pppedicat.
572 2846 720 2910 Familia
731 2847 935 2912 Provinciae
947 2848 1137 2935 Hispaniae
1150 2858 1336 2937 assumpto.
1354 2850 1522 2917 Coloniae

324 3035 429 3104 (Catal.
441 3035 513 3089 Nov.
526 3033 654 3090 Nundin.
667 3035 800 3092 Francol'.
816 3037 901 3110 1607).
911 3069 937 3077 -

326 3155 457 3225 801.-
470 3158 658 3241 (Mollerus
671 3159 703 3242 ¹).
725 3161 980 3230 Thorleksson.
1000 3161 1057 3246 —)
1080 3162 1304 3228 Meditotiones
1328 3163 1518 3229 Sanctorum

273 3244 418 3310 Petrum.
436 3245 553 3309 Godar
567 3244 694 3309 baeuer
704 3246 978 3333 gudraekelegar
992 3247 1157 3331 huxener,
1174 3249 1366 3333 alvarlegar
1378 3249 1519 3315 idranar

273 3331 466 3416 aminingar
482 3381 489 3396 .
504 3382 511 3397 .
526 3381 532 3397 .
550 3354 590 3396 ur
607 3331 733 3396 bokom
751 3381 867 3398 ......
883 3334 1081 3419 Augustini,
1104 3336 1296 3411 Bernhardi
1315 3335 1452 3400 'lauteri
1469 3359 1517 3423 og

272 3417 367 3482 lleire
388 3441 525 3483 aunara.
548 3419 609 3500 (M.
626 3420 787 3486 Mollcrus.
807 3459 832 3466 -
850 3420 1050 3486 'l'ranslatae
1071 3429 1106 3485 et
1125 3420 1238 3486 editae
1261 3425 1400 3487 aGurlb.
1417 3425 1515 3489 Thor-

272 3506 408 3570 taisson.
424 3514 464 3589 -J
480 3506 609 3571 Holum
621 3511 645 3588 ²)
666 3516 757 3571 isui.
775 3511 821 3571 8¹¹.
835 3545 862 3554 -

323 3608 448 3678 (BuNen,
462 3609 553 3663 Catal.
568 3611 602 3662 ol'
612 3610 704 3664 books
717 3611 802 3679 print.
815 3611 845 3662 in
858 3609 977 3665 Icelaml
990 3629 1016 3682 p.
1030 3611 1053 3665 3.
1066 3643 1089 3650 -
1100 3611 1226 3664 Ninarus
1239 3611 1310 3682 239).
1321 3643 1345 3651 -

323 3694 357 3749 N.
373 3695 394 3749 l.
408 3694 558 3764 MoNeruS,
572 3695 626 3750 vid.
641 3696 673 3750 N.
688 3699 757 3751 669,
768 3727 792 3734 —
803 3695 836 3749 N.
849 3696 879 3750 2:
893 3695 979 3750 Holis
992 3699 1021 3750 in
1034 3696 1172 3752 Islandia.
1183 3729 1207 3736 -

323 3816 400 3884 802.
413 3857 440 3864 -
461 3819 653 3902 (Petrejus.
672 3822 726 3904 -l
751 3819 913 3902 Confessio
929 3819 1137 3884 licruurdina
1154 3841 1197 3883 ex
1216 3819 1390 3884 meNifluis
1412 3821 1516 3886 huius

271 3903 477 3968 sanctissimi
488 3904 600 3968 Patris
610 3913 781 3988 quotquot
793 3911 913 3969 extant
925 3906 1062 3990 scriptis
1075 3927 1200 3990 magno
1212 3905 1331 3970 labore
1341 3907 1515 3994 decerpta,

271 3999 374 4078 atque
396 3991 437 4054 ad
451 3990 652 4055 methodum
665 3991 807 4054 aliarum
820 3991 986 4056 haetenus
1000 4017 1020 4056 a
1031 3991 1131 4056 nobis
1145 3992 1314 4056 editarum
1327 3994 1516 4059 contessio-

270 4099 353 4141 num
373 4077 409 4140 iu
424 4078 472 4156 ll(
492 4077 599 4142 libros
615 4076 779 4142 distincta
793 4100 798 4141 :
813 4079 959 4143 accessit
975 4080 1008 4143 S.
1024 4077 1163 4142 Martini
1179 4079 1421 4145 Laudunensis
1443 4081 1516 4166 epi-

270 4164 360 4228 stola
376 4187 487 4246 aurea,
505 4186 547 4227 ex
563 4163 665 4227 meris
682 4168 716 4228 S.
733 4163 931 4250 Scripturas
948 4165 1063 4230 verbis
1080 4165 1228 4230 conflata
1244 4188 1283 4230 ac
1298 4165 1403 4231 variis
1420 4189 1516 4232 men-

270 4251 323 4314 dis
348 4259 547 4337 expurgata.
570 4249 693 4314 Studio
717 4251 872 4316 Theodori
891 4253 1046 4338 Patreji¹l
1068 4252 1270 4338 Campensis
1292 4252 1330 4318 Ο.
1354 4253 1515 4320 Caribus.

270 4337 445 4420 Coloniae,
462 4337 636 4402 Antonius
652 4337 817 4402 Hieratus
834 4349 927 4404 1607.
943 4347 989 4404 8⁰.
1009 4349 1069 4404 505
1086 4361 1145 4425 pp.
1159 4377 1186 4386 -

321 4441 425 4513 (Catal.
441 4441 515 4495 Bibl.
531 4440 570 4494 du
586 4440 662 4510 Roy,
677 4439 779 4494 Theoi.
795 4441 818 4495 Ι.
835 4442 865 4496 C.
882 4442 916 4495 N.
937 4442 1010 4496 1044.
1021 4443 1171 4511 —Jo'ohcn
1190 4442 1330 4511 Ergaeuz.
1349 4442 1382 4496 V.
1398 4441 1478 4496 2⁰46.
1489 4473 1515 4482 -

268 4529 403 4584 Niceron.
416 4529 478 4583 XL.
492 4529 551 4584 226.
562 4560 586 4566 -
599 4526 732 4600 {Paquotl
746 4528 832 4582 ilem.
842 4529 920 4583 Hist.
931 4531 1001 4584 Litt.
1015 4531 1041 4583 d.
1055 4529 1207 4599 Pays-Bas
1217 4529 1256 4584 ll.
1266 4526 1516 4584 ‘Ni-Perennae

268 4616 323 4672 ΠΙ.
339 4615 398 4670 252.
409 4616 586 4684 -Petreius,
602 4614 740 4669 Biblioth.
756 4615 891 4671 Caribus,
908 4617 967 4670 298.
978 4649 1002 4655 —
1013 4615 1178 4670 Rosenthal
1195 4615 1287 4672 Catal
1300 4615 1342 4669 35.
1359 4615 1394 4670 N.
1407 4615 1478 4686 227).
1489 4647 1515 4655 -

320 4701 355 4760 N.
370 4703 392 4756 l.
406 4702 468 4757 vid.
482 4701 517 4755 N.
532 4705 602 4757 790.
614 4734 639 4740 -
