3400 5276
900 394 962 458 158

363 581 438 650 641.
449 622 491 630 -
502 585 734 654 Euchiridion
752 607 822 650 vere
839 607 968 650 sermm
978 587 1108 668 piorem
1122 589 1150 649 et
1165 585 1410 650 christianornm
1425 587 1567 651 (55ᾱί10-

309 669 426 734 tiormm
441 693 480 735 55
496 692 658 756 praecvm
674 672 716 737 de
732 672 806 736 vita
821 679 856 737 et
870 671 1031 759 passione
1041 669 1178 750 Christi,
1192 693 1235 736 ex
1250 670 1293 736 D.
1303 672 1469 738 Barmrdi
1481 673 1567 739 015-

308 756 438 839 rauall.,
455 757 610 823 Anselmi
627 757 894 842 Cantuariensis‚
912 767 947 824 et
962 757 1136 844 Ludelphi
1156 757 1313 822 Carthus.
1334 759 1474 846 scriptis
1490 761 1567 824 iam

307 841 457 928 primum
474 845 719 910 concinnatum
736 855 770 910 et
788 845 823 911 in
845 847 958 911 lucem
978 846 1118 910 editum.
1136 844 1312 928 Coloniae,
1325 845 1429 932 Apud
1441 847 1567 912 Ludo-

309 928 426 994 uicum
439 930 665 1016 Alectorium,
682 941 717 998 et
731 933 896 998 haeredes
912 933 1032 998 Iacobi
1049 931 1191 997 Soteris.
1207 934 1310 998 Anno
1330 943 1424 998 1578.
1435 973 1463 981 -

361 1033 417 1088 off.
430 1034 519 1105 prael.
532 1052 641 1090 numm.
652 1045 679 1099 ÷
690 1035 741 1090 319
751 1055 798 1108 pp.
809 1054 837 1093 n.
848 1054 957 1092 numm.
970 1035 1203 1106 15541555.
1215 1037 1374 1090 amardo:
1386 1055 1414 1106 p.
1427 1038 1477 1092 94:
1491 1037 1566 1108 Epi·

309 1120 388 1175 stola
405 1120 441 1174 de
456 1123 636 1192 perfectione
654 1126 741 1178 vitae.
758 1125 789 1178 P.
802 1125 852 1179 98:
868 1125 971 1179 Sermo
987 1125 1022 1178 de
1038 1126 1176 1195 passione
1193 1123 1522 1180 Demisi-Bassaeus
1541 1125 1566 1179 1.

310 1205 570 1264 130.-Clessius1.
582 1209 834 1280 105.—Dreu‹llus‚
845 1211 919 1265 Bibl.
931 1211 1025 1266 01555.
1037 1211 1096 1266 316,
1104 1243 1128 1249 -
1136 1211 1291 1265 Nundinue
1301 1211 1436 1267 Francos.
1450 1213 1531 1266 1578.
1539 1243 1560 1253 -

308 1295 463 1350 Possevin.
476 1295 499 1350 1.
513 1297 608 1350 501-
622 1298 675 1352 Vis.
690 1315 726 1351 ex
739 1298 870 1352 biblioth.
884 1299 973 1370 palat.
987 1297 1173 1368 Vindobon.).
1183 1327 1210 1337 -

366 1443 440 1512 642.
452 1483 492 1490 —
505 1446 669 1530 Soalvus,
685 1445 949 1510 Bartholomaeus
961 1445 1000 1530 ¹):
1026 1448 1233 1512 lieditotioni
1250 1449 1448 1512 devotissime
1462 1469 1565 1529 sopra

309 1531 341 1594 to
356 1552 431 1596 vero
450 1531 518 1596 Vite
534 1531 669 1608 Christo,
686 1531 833 1597 formate
846 1533 904 1596 nel
920 1540 1064 1598 trattate
1080 1533 1190 1598 latino
1207 1536 1245 1599 de
1257 1535 1412 1600 Possiome
1426 1533 1567 1600 Domini

310 1617 367 1681 del
383 1617 502 1682 dlvoio
526 1619 558 1683 S.
574 1619 752 1694 Bmmarrlo,
774 1643 827 1680 con
841 1627 938 1681 alcuni
953 1630 1136 1682 cecitarnenti
1150 1628 1198 1682 all'
1209 1631 1306 1682 anima
1318 1627 1490 1684 Christiane
1502 1629 1565 1682 5115

309 1721 484 1789 cognitione,
501 1719 537 1774 ed
550 1721 754 1776 emendatione
767 1725 884 1792 propria
899 1722 947 1776 all’
959 1739 1059 1778 amere
1074 1723 1102 1776 di
1117 1723 1244 1791 Christo,
1260 1723 1297 1778 ed
1314 1724 1373 1778 alla
1388 1725 1565 1794 cognitione

308 1803 386 1860 della
398 1805 510 1876 dignita
519 1807 596 1862 dello
609 1813 688 1862 stato
699 1809 855 1878 virginale.
868 1810 942 1864 1578.
954 1810 1089 1866 Venetia.
1099 1811 1199 1864 Pietro
1211 1811 1374 1865 Debuobini.
1383 1842 1411 1853 —
1419 1811 1565 1882 (Misius,

309 1892 413 1949 crema
424 1894 482 1949 55,
494 1893 533 1949 11.
547 1893 617 1966 318).
626 1926 653 1936 -

360 1979 395 2033 N.
412 1981 439 2034 1:
456 1983 607 2037 asseratis
620 1982 794 2054 Hieronymi
804 1984 904 2057 Vides,
919 1985 1011 2038 51155
1026 1987 1164 2055 episcopi,
1177 1985 1197 2054 †
1209 1985 1281 2056 prid.
1292 1985 1357 2040 Kal.
1370 1984 1434 2040 051.
1447 1985 1526 2041 1583.
1538 2016 1567 2026 -

857 2162 896 2228 Δ.
910 2163 1014 2228 1579:

363 2295 490 2366 643.—
503 2298 550 2382 (S.
567 2300 787 2366 Bernartius.
801 2301 856 2382 -)
880 2299 993 2364 Flores
1017 2301 1150 2380 (lpcrom
1170 2299 1212 2363 D.
1230 2300 1395 2364 Bemoriti
1406 2299 1564 2366 Abbatis

310 2383 586 2468 clarevellensis,
601 2384 687 2451 Cum
697 2385 822 2450 Sacrae
832 2384 1030 2471 Scripturas
1043 2385 1307 2471 professoribus,
1324 2395 1396 2451 tum
1410 2387 1563 2452 caeteris

309 2470 468 2536 omnibus
480 2471 671 2536 utilissimi:
686 2471 773 2536 Cum
785 2471 905 2536 indice
917 2472 1128 2557 singularum
1142 2495 1256 2538 rerum
1272 2472 1562 2559 locupletissime.

308 2557 471 2644 ngdvni
487 2559 578 2644 spud
595 2558 805 2624 leielmvm
820 2558 1020 2624 Revillivm.
1039 2571 1133 2626 1579.
1149 2599 1183 2608 —

362 2661 392 2716 8⁰
403 2664 472 2716 min.
487 2662 538 2714 774
550 2679 597 2732 pp.
612 2667 642 2715 et
657 2660 729 2716 1311.
743 2679 770 2715 n.
784 2679 893 2717 numm.
904 2694 928 2701 -
939 2663 1099 2731 (Ptrennes
1113 2663 1166 2716 III.
1180 2663 1240 2718 239.
1250 2695 1274 2703 -
1286 2663 1449 2718 Rosenthel
1463 2663 1562 2719 05151.

308 2751 350 2804 41.
364 2750 398 2806 N.
414 2751 489 2806 1136.
503 2782 527 2789 -
548 2751 601 2804 Vis.
615 2767 651 2804 ex
665 2749 796 2804 biblioth.
810 2751 897 2821 palat.
911 2751 1044 2821 Monac).
1058 2781 1083 2788 -

363 2891 487 3043 6445-
503 2893 549 2978 (S.
566 2895 786 2962 Bernardus.
800 2892 855 2977 —)
874 2892 1017 2956 Sermoni
1033 2891 1082 2972 (in
1095 2889 1297 2954 traduzione
1309 2889 1475 2975 volgare).
1490 2891 1562 2956 Ve-

309 3001 408 3044 55515
425 2992 438 3044 1
466 2989 516 3043 19.
531 3019 558 3027 -

363 3083 440 3146 (Not.
455 3100 491 3136 ex
503 3083 634 3138 biblioth.
650 3084 786 3153 municip.
798 3082 962 3151 15555551).
976 3113 1000 3120 -

363 3222 437 3290 645.
448 3263 488 3308 ,-
502 3223 658 3308 Chanqp,
674 3221 785 3286 Pierre
801 3223 857 3286 de:
881 3221 1093 3285 Instruction
1117 3221 1159 3284 de
1181 3220 1215 3284 15
1234 3228 1334 3285 vertu
1352 3221 1558 3304 d’humssite,

310 3331 393 3374 avec
414 3311 550 3392 t'Epitre
570 3311 607 3374 (15
625 3311 711 3374 50151
728 3308 888 3385 11555551,
909 3309 1098 3373 1055105115
1115 3309 1174 3372 005
1189 3313 1218 3372 51
1232 3329 1307 3389 sape
1320 3313 1560 3388 pouoemement

309 3398 401 3462 d'urre
414 3399 538 3462 maison
547 3419 557 3460 .·
572 3397 604 3461 15
620 3403 698 3460 1051
709 3393 868 3480 imprime
881 3417 965 3459 avec
977 3393 1206 3460 l'Institution
1220 3394 1262 3458 de
1274 3394 1308 3458 la
1319 3391 1445 3459 femme
1459 3393 1560 3459 chre-

308 3484 435 3566 tienne,
452 3483 602 3548 traduite
620 3483 666 3546 du
681 3482 785 3547 Latin
802 3481 844 3546 de
860 3481 883 3546 J
886 3503 949 3545 ean
965 3482 1060 3567 Loys
1083 3482 1185 3546 Vivet.
1203 3483 1234 3544 A
1250 3480 1346 3545 Paris
1362 3503 1425 3568 per
1438 3481 1559 3547 Pierre

310 3570 474 3652 Oavellat,
495 3581 587 3636 iero.
607 3572 672 3634 16⁰.
687 3609 713 3616 -

361 3674 507 3741 (Kerviler
519 3673 574 3728 ΙΠ.
588 3675 613 3729 4.
626 3705 650 3712 -
663 3674 789 3744 Rigoley
802 3671 837 3726 de
850 3673 870 3728 J
872 3673 990 3743 uviguy,
1003 3671 1077 3725 Bibl.
1091 3671 1180 3742 t'ranp.
1193 3670 1227 3727 V.
1240 3671 1311 3741 257).
1323 3703 1348 3710 -

362 3813 485 3882 640-
498 3815 645 3882 Sunius:
663 3813 712 3878 De
728 3813 877 3880 Probatis
895 3813 1081 3878 Sanctorum
1104 3811 1195 3888 Vitis,
1216 3810 1292 3876 Vol.
1310 3811 1375 3876 III.
1390 3811 1558 3877 Coloniae

307 3901 521 3988 Agrippinae
538 3912 630 3966 1579.
643 3939 677 3948 —

364 4004 417 4076 (lb.
430 4023 457 4075 p.
473 4005 538 4058 719:
552 4004 637 4058 XIII.
650 4004 719 4059 Jun.
733 4004 801 4057 11115
814 4003 933 4057 Gercrrti
944 4001 1088 4070 monachi,
1101 4001 1201 4056 l'rctris
1215 4000 1243 4057 S.
1256 3999 1416 4069 Bemerrli).
1429 4033 1454 4040 -

362 4153 437 4222 641.
446 4193 487 4200 -
501 4155 685 4236 Ubiserus,
696 4153 837 4218 Micbost
850 4154 874 4229 ¹)
884 4175 894 4215 .·
906 4151 956 4217 De
972 4152 1091 4217 duobus
1101 4152 1392 4232 praestantissimis
1405 4153 1559 4216 monasti-

309 4262 362 4307 cae
378 4242 567 4322 discipliuae
582 4239 772 4306 Auctoribus
788 4244 816 4304 51
830 4239 1002 4321 Mapistris
1017 4237 1061 4302 D.
1078 4239 1249 4303 Benedicto
1265 4243 1293 4303 51
1311 4237 1350 4304 B.
1367 4235 1559 4304 1155150510

309 4331 412 4412 (etc).
432 4328 588 4393 Uermina
603 4325 745 4391 heroica
761 4324 1019 4409 encomiastica,
1042 4335 1153 4403 scripta
1174 4337 1206 4386 et
1226 4331 1360 4386 dedicata
1379 4330 1453 4386 Rev.
1472 4331 1505 4386 P.
1525 4349 1559 4386 ac

308 4431 344 4486 D.
357 4429 514 4486 Leonardo
527 4431 694 4500 mcitwein,
707 4430 815 4485 Abbati
828 4429 1092 4485 Fiirstenfeldcnsi.
1109 4427 1255 4484 Monachii
1267 4426 1321 4482 Ad.
1333 4425 1494 4482 Montanus
1508 4443 1557 4481 ex·

310 4517 435 4573 cudebat
449 4519 524 4573 1579.
537 4519 575 4571 4⁰.
588 4550 614 4558 -

363 4605 494 4677 (1101011,
507 4606 602 4662 Beier.
615 4605 678 4662 Gal.
692 4606 762 4661 Lex.
780 4605 974 4676 11285414).
987 4635 1012 4644 -

363 4693 397 4749 N.
413 4693 441 4746 1:
455 4692 660 4763 ludimagister
671 4691 922 4748 Wessofontanus
936 4696 966 4744 et
978 4696 1068 4763 poete
1079 4691 1240 4746 laureatus.
1252 4721 1278 4730 -
