3398 5270
328 611 454 681 rofitlic
469 611 500 680 is
515 635 599 682 voer
614 611 705 680 allen
720 612 860 678 karsten
875 611 1063 679 menschen
1078 612 1145 678 hoe
1170 611 1229 678 dat
1251 611 1282 678 si
1304 611 1383 678 hem
1405 611 1442 678 in
1466 611 1559 678 haer

301 638 412 787 iijden
425 702 555 789 dragen
570 701 693 768 sullen.
707 702 763 766 En
774 708 844 767 wat
855 701 974 788 profijt
986 701 1045 764 dat
1056 700 1151 764 l'iden
1163 698 1199 764 in
1211 700 1316 766 heeft.
1333 700 1459 786 Hughe
1474 700 1557 764 iane

303 809 400 874 soon,
417 789 544 874 Leyden
560 789 685 876 (1506).
699 827 734 837 -

356 893 394 947 8⁰.
406 893 442 946 44
451 893 481 949 ff.
493 910 522 948 n.
534 909 644 946 numm.
657 891 733 946 2011.
747 909 814 945 cum
826 893 878 962 sig.
889 921 916 932 -
925 891 1006 959 (Brit.
1019 891 1096 946 Mus.
1110 891 1172 946 Cat.
1187 891 1296 961 „Berg“
1312 891 1380 959 185).
1390 922 1416 932 -

357 1041 484 1110 339.·-
497 1043 545 1129 (S.
561 1043 781 1111 Bernartius.
805 1042 855 1108 De
877 1043 1088 1110 obsecratione
1103 1050 1156 1109 ete.
1175 1043 1226 1194 -p
1241 1043 1296 1107 Fl
1315 1042 1401 1108 Tit:
1424 1042 1465 1106 In
1482 1042 1557 1108 hoo

304 1127 394 1195 libro
411 1129 633 1195 continentur
648 1150 823 1194 sermones
838 1129 1083 1215 preclarissimi
1099 1128 1183 1194 viris
1223 1128 1336 1195 euntis
1350 1128 1454 1194 vtiles
1470 1151 1558 1194 cum

305 1215 440 1282 duobus
459 1214 558 1280 libris
581 1215 693 1281 sancti
716 1217 865 1282 iohannis
884 1218 1058 1283 crisostomi
1082 1216 1124 1282 de
1145 1215 1411 1302 compunctione
1435 1216 1557 1281 cordis

304 1324 450 1386 quorum
469 1303 653 1369 annotacio
673 1301 839 1388 sequitur.
863 1303 969 1368 Liber
984 1303 1114 1390 primus
1131 1303 1242 1368 sancti
1256 1303 1280 1369 J
1282 1302 1428 1368 ohannis
1443 1302 1557 1368 crisc-

304 1389 407 1455 stomi
419 1389 461 1454 de
475 1389 741 1477 compunctione
754 1389 867 1455 cordis
879 1391 917 1474 (.)
929 1389 1035 1454 Liber
1049 1390 1221 1454 secundus
1236 1389 1390 1455 eiusdem
1402 1390 1445 1454 de
1457 1410 1558 1454 ccm-

303 1476 493 1562 punctione
506 1476 619 1541 cordis
632 1478 669 1562 (.)
685 1475 738 1541 De
750 1476 968 1562 reparatione
984 1477 1082 1563 lapsi.
1099 1477 1218 1542 Sermo
1232 1477 1386 1541 eiusdem
1398 1476 1440 1540 de
1453 1477 1557 1562 peni-

304 1562 424 1629 tentia.
448 1564 547 1642 Quod
566 1585 668 1628 nemo
687 1562 816 1628 leditur
834 1563 900 1628 nisi
920 1586 940 1628 a
959 1563 1084 1650 seipso.
1107 1564 1227 1630 Sermo
1251 1563 1361 1628 sancti
1385 1564 1556 1645 napustini

305 1649 460 1736 episcopi
477 1650 519 1714 de
534 1649 684 1715 lectione
702 1649 836 1714 diuina:
854 1649 973 1716 Sermo
990 1650 1100 1716 sancti
1117 1649 1293 1735 augustini
1309 1651 1557 1736 superoratio-

303 1758 383 1801 nem
396 1735 614 1802 dominicam.
627 1736 811 1823 Expositio
825 1737 979 1801 eiusdem
992 1760 1096 1824 super
1108 1737 1313 1822 symbolum.
1327 1737 1447 1801 Sermo
1460 1736 1557 1801 eius-

304 1822 382 1888 dem
394 1823 436 1887 de
452 1820 619 1888 ebrietate
635 1823 908 1910 obseruandatl).
923 1823 1030 1889 Sermo
1046 1827 1149 1890 saneti
1164 1825 1298 1889 benedi
1307 1825 1345 1905 (i)
1357 1826 1394 1888 ite
1409 1824 1556 1890 obsecra-

304 1912 387 1976 tione
405 1911 545 1976 motione
560 1913 774 1992 postulatione
793 1916 821 1974 et
838 1915 1022 1992 pratrarain
1038 1911 1075 1997 (i)
1100 1913 1221 1976 actione
1237 1911 1274 1995 l.)
1301 1912 1489 1976 liemardus
1513 1913 1556 1976 ilc

303 2002 419 2079 septem
433 1999 660 2063 misericordiis
676 1999 736 2063 dei.
753 1997 863 2083 (Haeo
880 1998 1043 2082 teguntur
1058 1998 1098 2061 F.
1112 2009 1150 2062 9‘1
1167 2005 1202 2062 et
1217 1999 1256 2062 F.
1277 1998 1407 2078 100vo).
1423 1998 1554 2062 Flvo:

304 2081 383 2150 icon
408 2082 574 2149 crucifixi.
598 2084 771 2148 F102vo:
793 2083 943 2148 Michael
968 2083 1088 2169 arinyo
1113 2083 1361 2150 valentinensis
1380 2082 1556 2149 bonarum

305 2170 429 2235 artium
446 2170 622 2235 studiosus
639 2169 839 2236 doctissimo
856 2169 931 2236 viro
948 2170 1042 2236 omni
1058 2170 1187 2236 virtute
1204 2172 1367 2235 decorato
1383 2170 1555 2255 magistro

304 2256 459 2323 Johanni
488 2257 530 2320 de
557 2258 673 2322 vouda
699 2279 761 2322 suo
790 2257 1105 2344 precordialissimo
1130 2257 1241 2323 amieo
1265 2280 1305 2323 ac
1327 2257 1436 2322 totius
1461 2258 1555 2322 alme

305 2341 541 2408 uniuersitatis
556 2343 767 2408 louaniensis
781 2343 902 2408 lumini
919 2351 1022 2430 atquo
1039 2343 1165 2411 decori.
1182 2345 1216 2410 S.
1229 2345 1271 2408 In
1283 2343 1351 2408 fine
1364 2343 1555 2432 epistolae:

304 2431 407 2497 Nona
430 2429 485 2495 die
507 2430 634 2496 mensis
657 2430 820 2496 octobrio.
845 2431 1029 2496 Millesimo
1054 2431 1331 2516 quingentesimo
1352 2439 1449 2496 sexto
1466 2435 1555 2517 (quo

305 2517 452 2582 fortasse
469 2539 559 2583 anno
575 2517 663 2582 liber
677 2518 862 2604 impressus
880 2520 956 2602 est).
973 2518 1002 2581 F
1014 2529 1074 2584 103
1085 2541 1146 2584 vo:
1163 2518 1366 2605 Expliciunt
1376 2540 1556 2583 sermones

305 2603 389 2670 viris
406 2603 542 2669 deuotis
555 2605 721 2691 perutiles
736 2627 870 2669 summa
885 2627 968 2669 cura
983 2629 1022 2670 ae
1035 2604 1217 2690 diligentia
1230 2605 1375 2671 corrceti
1389 2611 1424 2670 et
1436 2627 1555 2670 emen-

306 2690 376 2756 dati
396 2713 460 2776 por
479 2691 806 2756 excellentissimum
828 2689 938 2754 diuini
957 2691 1088 2777 ingenii
1110 2692 1331 2756 dialecticum
1346 2692 1554 2778 magistrum

305 2777 508 2842 michaelem
533 2777 654 2863 arinyo
679 2777 963 2844 valentinensem.
986 2780 1196 2864 Impressum
1212 2801 1295 2843 vero
1311 2777 1471 2864 parrhisii
1488 2801 1555 2864 per

306 2864 503 2930 Iohannem
526 2873 714 2949 gommont
736 2865 777 2929 de
800 2864 993 2930 verreuilia.
1020 2866 1088 2932 Pro
1114 2865 1304 2930 venerabili
1329 2865 1405 2931 viro
1433 2864 1552 2950 egidio

305 2957 501 3036 gourmont.
515 2989 541 2998 —

300 3127 302 3132 Ι
360 3052 410 3108 103
420 3054 449 3109 ff.
462 3057 499 3111 8⁰.
513 3053 543 3107 31
559 3053 589 3110 ll.
601 3054 681 3124 goth.
695 3072 762 3110 cum
774 3057 846 3126 sign.
861 3057 925 3110 sine
938 3073 962 3111 a.
976 3061 1051 3110 cust.
1065 3063 1095 3110 et
1107 3075 1153 3126 pp.
1173 3074 1252 3112 num.
1272 3057 1342 3128 (Vis.
1362 3073 1399 3110 ex
1419 3055 1552 3110 biblioth.

227 3179 232 3186 ·
306 3139 623 3213 Guelpherbytana).-

792 3295 882 3361 Post
904 3315 936 3360 a.
960 3295 1065 3361 1506:

360 3444 436 3514 340.
450 3486 492 3494 -
507 3447 582 3512 Een
605 3449 734 3514 baecken
755 3472 818 3513 cari
839 3450 1022 3514 virdaldicli
1044 3451 1137 3532 lytlan
1166 3449 1226 3514 dat
1248 3447 1338 3513 sinte
1361 3449 1553 3528 Berriardas

306 3531 465 3618 bescrijft
480 3537 586 3619 (etc).
603 3535 776 3623 Gheprint
791 3543 845 3601 tot
858 3537 1030 3600 Haerlem.
1042 3574 1077 3584 -
1089 3562 1112 3598 s.
1125 3542 1143 3598 l.
1156 3561 1182 3599 a.
1196 3549 1226 3597 ot
1241 3549 1302 3614 typ.
1314 3560 1342 3599 n.
1355 3574 1381 3582 -
1394 3544 1553 3616 (Biblioph.

306 3635 397 3706 Belge
410 3637 443 3692 V.
458 3636 520 3690 193:
533 3639 615 3708 impr.
630 3638 710 3694 brevi
722 3645 792 3710 post
804 3657 829 3694 a.
841 3641 929 3708 1506).
938 3671 965 3680 -

847 3844 885 3912 Δ.
908 3847 1013 3912 1507;

360 3995 435 4064 341.
448 4036 490 4044 —
503 3998 550 4082 (S.
568 3998 853 4082 Bernartius-t
870 4001 1035 4083 Aipaillon
1058 4003 1203 4066 it’ainonr
1225 4002 1338 4077 tisino,
1362 3999 1492 4065 traduit
1515 4001 1555 4066 de

307 4085 394 4149 saint
407 4084 559 4148 Beniaril
575 4108 618 4149 en
633 4085 740 4172 franc.
756 4085 855 4150 Paris
870 4110 933 4173 par
947 4089 1101 4153 Antoine
1117 4087 1249 4152 Verard
1267 4097 1361 4153 1507.
1377 4095 1422 4152 4⁰.
1432 4125 1466 4134 —

359 4187 447 4253 (Hist.
460 4187 530 4242 Litt.
543 4188 580 4243 de
591 4188 622 4242 la
633 4189 745 4244 Frence
758 4189 841 4244 XIII.
855 4191 914 4247 226.
924 4222 951 4230 -
960 4192 1080 4262 Panzer,
1090 4193 1166 4245 Ann.
1177 4190 1321 4262 typ.VIII.
1332 4189 1390 4244 522.
1400 4189 1434 4246 N.
1447 4189 1517 4259 188).
1528 4220 1555 4230 -

361 4333 436 4404 342.
446 4375 487 4383 -
501 4337 548 4422 (S.
565 4339 785 4406 Bernartius.
798 4377 831 4386 -
844 4340 963 4405 Modus
975 4341 1109 4404 vivendi.
1123 4340 1179 4424 -)
1193 4338 1276 4404 Tit:
1293 4338 1376 4404 Divi
1388 4339 1555 4404 Betuircti

308 4421 433 4488 abbatis
455 4425 500 4487 ad
523 4445 659 4489 sororem
682 4427 793 4490 modas
809 4426 882 4490 bene
904 4427 1037 4490 visendi.
1065 4425 1167 4513 (Cum
1190 4425 1253 4490 ins.
1274 4426 1373 4512 tyn).
1400 4426 1442 4490 In
1464 4425 1552 4490 fine:

307 4507 515 4594 Impressum
529 4509 681 4575 Parisios
697 4518 823 4598 sumpt.
839 4511 1011 4597 Dyonysii
1024 4514 1145 4596 Itosse,
1160 4511 1292 4577 librarii
1309 4513 1554 4578 commorantis

307 4595 344 4659 in
359 4594 438 4660 vico
455 4595 489 4662 S.
504 4597 528 4662 J
531 4597 630 4662 scobi
645 4597 682 4662 i11
697 4597 901 4683 intersignio
918 4601 957 4663 B.
972 4599 1123 4665 Martini.
1143 4609 1235 4664 1507.
1247 4637 1283 4648 -

360 4697 390 4753 8⁰
407 4701 475 4755 min.
493 4700 574 4770 goth.
592 4700 666 4756 9211:
686 4701 820 4769 [Claudin
840 4702 902 4758 Oet.
922 4702 1226 4758 aslis-Rossnthn
1245 4703 1309 4758 cit.
1328 4702 1370 4758 60.
1382 4703 1416 4757 Ν.
1429 4701 1555 4772 2828).-
