3398 5270
771 431 832 495 125

161 615 444 688 Praecationasque
457 615 524 669 Diui
537 617 854 673 Anselmi.'1raotatus
867 619 945 672 uitae
958 615 1120 688 spiritualis
1132 615 1200 669 Diui
1214 613 1360 685 Vincentij
1376 631 1423 668 or·

164 702 253 760 dinis
263 703 498 774 praedicatorum
507 747 512 758 .
520 703 622 758 Sermo
630 705 711 759 Petri
720 706 856 759 Damiani
865 704 1028 760 cardinalis
1036 746 1042 758 .
1050 701 1239 757 Euchiridion
1249 703 1329 756 uitae
1339 703 1424 772 spiri·

166 791 267 846 tualis
287 791 323 844 ad
342 792 550 862 perfectionem
569 794 728 848 instituens
746 793 866 862 utiliter,
888 799 918 848 et
939 791 1145 862 compendiose
1167 789 1300 844 authoris
1323 791 1425 860 ignoti.

167 877 357 932 Exercitiunr
369 879 448 932 uitae
458 883 488 932 at
497 881 643 950 passionis
654 879 762 934 domini
775 881 812 934 ad
821 879 939 934 modurn
953 880 1098 933 rosarium
1109 877 1135 939 a
1149 876 1320 930 distinctum
1330 876 1425 930 Diuae
1520 939 1524 944 ¹

166 964 320 1035 Brigittae
331 967 487 1020 orationes¹
495 965 558 1020 XV.
567 966 603 1020 de
613 967 873 1038 passionedomini.
882 967 948 1019 -In
960 967 1017 1019 fine
1027 986 1032 1018 :
1042 965 1223 1036 impressum
1231 962 1364 1034 Venetijs
1374 979 1426 1034 per

168 1051 360 1106 Alonissium
370 1051 406 1106 de
416 1052 513 1106 Fortis
523 1055 610 1107 Anno
620 1053 737 1108 Domini
750 1055 793 1108 M.
802 1054 828 1108 D
837 1052 1020 1108 XXXVIII.
1030 1084 1055 1092 —
1065 1052 1116 1105 242
1127 1051 1156 1105 ff.
1167 1067 1274 1104 numm.
1285 1050 1315 1103 8⁰
1325 1051 1392 1104 min.
1400 1080 1425 1088 -

170 1139 250 1207 (Va.
265 1156 300 1192 ex
315 1138 444 1193 biblioth.
457 1142 585 1196 univers
599 1141 776 1210 Vratislav.).
786 1173 810 1181 -

230 1251 307 1320 483.
323 1293 352 1300 -
368 1255 414 1330 (S.
430 1257 650 1324 Bernardns·
668 1257 786 1322 Modus
805 1256 878 1320 bene
892 1256 1020 1319 vivendi
1038 1259 1102 1328 cta,
1122 1254 1191 1317 ital.
1206 1253 1261 1328 -l
1281 1251 1426 1317 Sermoni

173 1341 371 1406 discussisti
385 1342 430 1404 nd
444 1364 508 1406 rinc
525 1343 683 1406 venerabil
696 1365 756 1408 suc
771 1343 885 1408 sorella
901 1343 1055 1406 marecha
1071 1342 1121 1406 dcl
1134 1341 1224 1404 modo
1241 1340 1291 1404 det
1306 1339 1362 1404 ben
1381 1341 1424 1402 oi-

173 1449 247 1492 vere
261 1479 267 1492 .
282 1428 323 1492 In
339 1427 423 1491 fine:
445 1428 581 1493 Finisse
595 1429 619 1492 li
641 1429 791 1494 sermoni
812 1430 853 1493 de
871 1428 979 1493 Sento
995 1429 1174 1502 Ber-nardo,
1194 1424 1424 1490 moralissimo

175 1514 329 1597 dottore,
342 1537 362 1579 a
374 1537 436 1578 sue
452 1516 576 1580 sorella
587 1515 768 1599 Monacha,
784 1516 934 1581 traducti
949 1515 985 1580 in
1001 1514 1121 1599 lingua
1132 1513 1286 1598 vulgare.
1300 1511 1425 1577 Novis-

177 1599 384 1666 simamente
400 1601 443 1666 da
462 1602 544 1688 puoi
561 1603 642 1687 ogni
659 1603 891 1690 impressione
910 1601 1031 1666 revisti
1052 1609 1087 1666 et
1107 1599 1290 1665 emendati.
1313 1598 1425 1663 Stam-

175 1688 251 1774 pati
266 1687 301 1751 in
310 1687 462 1752 Venezia
473 1711 536 1775 per
547 1690 750 1774 Domenego
763 1690 825 1754 Zio
838 1689 1032 1754 Venetiano
1046 1697 1081 1752 et
1093 1687 1231 1767 fratelli,
1244 1687 1275 1751 N
1278 1687 1308 1751 el
1322 1685 1425 1751 Anno

175 1775 235 1925 ξε]
252 1781 372 1902 ῃοεῒξο
386 1775 512 1860 Signor
523 1776 618 1841 Mille
632 1776 860 1862 cinquecento
875 1799 893 1840 e
910 1783 1024 1840 trenta
1036 1781 1122 1840 otto,
1135 1774 1204 1839 Adi
1217 1773 1348 1839 Ultimo
1362 1774 1427 1837 Fe-

205 1883 293 1927 raro.
311 1872 329 1926 8
348 1901 396 1925 .-

234 1964 387 2034 (Argelati,
412 1965 485 2019 Bibl.
510 1964 536 2020 d.
559 1965 720 2036 Volgarizz.
745 1965 778 2019 V.
800 1965 1093 2034 423.-Brockhaus,
1117 1964 1193 2020 Bibl.
1216 1964 1317 2020 'I'heol
1342 1963 1425 2018 Ceth.

181 2051 216 2106 N.
232 2052 318 2118 1136).
328 2083 354 2091 -

236 2165 311 2234 484.
325 2207 354 2214 -
370 2167 451 2232 Tit:
466 2169 776 2254 OperaBernardi.
786 2169 869 2234 Divi
877 2168 1046 2234 Bernardi
1056 2167 1204 2233 Abbatis
1214 2165 1428 2248 Olarevallis,

182 2253 315 2318 ordinis
329 2253 577 2338 Cisterciensis,
593 2257 754 2321 Doctoris
767 2255 983 2322 disertissimi
996 2279 1035 2320 ae
1046 2279 1128 2320 vere
1140 2253 1307 2318 melliflui.
1325 2252 1429 2334 Opera

181 2343 290 2405 martio
299 2339 436 2405 diuinae
449 2341 678 2407 institutionis
687 2343 920 2426 refertissima,
930 2343 1143 2408 accuratiore
1153 2341 1340 2406 iamdenuo
1351 2363 1430 2404 cen-

183 2449 265 2492 sura
274 2428 453 2512 recognita
461 2451 500 2492 ac
511 2429 671 2514 reposita.
683 2431 811 2494 Rerum
820 2453 860 2495 ac
870 2439 1079 2495 tractatuum
1090 2429 1213 2494 seriem
1223 2437 1326 2512 atque
1337 2435 1429 2491 cata-

184 2513 315 2598 logum,
337 2537 482 2598 sequens
504 2527 636 2602 atergo
654 2516 782 2602 pagina
798 2524 1056 2583 commonstrat.
1073 2515 1322 2580 Excudebatur
1336 2513 1430 2599 Lug-

183 2600 278 2665 duni.
297 2601 398 2666 Anno
417 2613 508 2667 1538.
523 2641 549 2649 -
563 2609 700 2666 Puteo:
714 2611 802 2667 Series
814 2630 919 2680 operam
930 2619 953 2666 et
966 2618 1130 2666 tractatuum
1142 2611 1227 2680 (etc).
1242 2611 1313 2663 Eius
1328 2615 1431 2662 sancta

183 2705 253 2758 vita.
273 2704 343 2758 Vita
354 2722 377 2760 s.
390 2705 558 2760 Malachiae.
575 2705 688 2760 'Pabula
700 2724 876 2762 sermonum.
896 2708 1023 2762 Situatio
1037 2705 1219 2762 Olareuallis
1237 2704 1351 2758 'Pabula
1363 2721 1430 2758 sen·

183 2792 352 2845 tentiarum.
363 2791 502 2846 Doctrina
513 2793 537 2845 b.
548 2791 696 2846 Bernardt
710 2793 866 2849 Sermones
878 2794 913 2848 de
924 2801 1065 2864 tempore,
1079 2793 1114 2847 de
1125 2795 1244 2861 sanctie,
1258 2791 1294 2868 de
1304 2791 1430 2846 diversis

184 2885 216 2933 et
228 2878 319 2949 aliqui
333 2879 507 2948 singulares.
521 2881 677 2935 Sermones
691 2898 779 2952 super
791 2884 911 2936 cantica.
925 2881 1085 2952 Epistolae.
1101 2860 1322 2934 Tractatus2⁰<le
1335 2879 1430 2932 consi·

183 2965 345 3026 deratione.
358 2965 394 3020 de
405 2968 507 3036 gratia,
521 2966 556 3021 de
570 2973 733 3038 praecepto,
746 2967 782 3022 de
795 2968 942 3038 diligendo
960 2970 1031 3038 Deo,
1048 2967 1084 3021 de
1096 2967 1234 3036 gradibus
1248 2965 1432 3034 humilitatis,

186 3052 340 3123 Apologia.
356 3053 510 3124 Expositio
524 3055 680 3124 evangelii:
696 3055 771 3110 Ecce
783 3073 838 3110 nos
851 3056 1023 3127 reliquimus
1037 3057 1142 3109 omnia.
1159 3055 1204 3108 De
1217 3055 1280 3108 vita
1291 3053 1431 3108 solitaria.

184 3139 403 3196 Meditationes
417 3143 460 3198 De
471 3144 602 3197 interiori
612 3143 708 3198 domo.
718 3144 763 3198 De
773 3144 968 3200 ordinavitae.
979 3144 1064 3199 Scala
1073 3141 1283 3198 claustralium.
1293 3138 1434 3194 Permula

186 3229 332 3283 honestae
342 3231 427 3283 vitae.
442 3230 499 3285 Alii
510 3247 661 3285 sermones
671 3233 733 3301 (qui
743 3249 800 3285 non
812 3249 830 3285 a
839 3231 989 3286 Bernardo
1001 3231 1070 3285 editi
1078 3232 1134 3285 visi
1144 3231 1233 3300 sunt).
1244 3227 1434 3298 Depassione

187 3315 322 3370 Domini.
338 3315 382 3369 De
398 3315 608 3372 lamentatione
620 3319 654 3372 V.
667 3318 785 3372 Mariae.
805 3319 935 3373 Homilia
947 3319 983 3372 de
999 3318 1115 3374 duobus
1128 3315 1280 3387 discipulis
1297 3315 1435 3369 euntibus

185 3404 215 3456 ln
225 3403 374 3457 Emmaus
385 3403 542 3459 Sermones
552 3405 704 3460 Gilleberti
718 3422 807 3476 super
819 3409 939 3461 cantica.
949 3439 973 3446 —
985 3406 1093 3460 Devoti
1103 3403 1293 3473 rnallifluique
1306 3401 1435 3456 doctoris

186 3488 246 3544 diui
258 3489 401 3544 Bemardi
414 3489 584 3546 clarevallis
597 3492 720 3561 abbatis,
734 3493 886 3565 seraphica
898 3496 1006 3564 scripta
1019 3492 1242 3562 diligentissime
1256 3505 1322 3543 cum
1335 3486 1434 3542 arohe-

128 3615 132 3622 .
186 3578 267 3648 typis
277 3575 471 3632 bibliothecae
484 3577 645 3632 Caracalla
655 3597 673 3633 a
681 3579 856 3650 quibusdam
866 3578 997 3635 eiusdem
1009 3579 1113 3633 domus
1124 3576 1263 3631 monadis
1273 3573 1434 3640 emendata,

189 3669 279 3734 atque
292 3665 335 3716 ita
351 3666 509 3734 recognit-a,
525 3671 645 3736 atquae
659 3684 729 3720 uera
746 3668 838 3736 ipsius
852 3669 989 3734 auctoris,
1004 3683 1136 3736 quaeque
1151 3663 1314 3734 ascriptitia
1325 3659 1436 3714 fuerint

187 3751 283 3805 lector
295 3769 381 3821 quarn
395 3751 531 3806 facillime
544 3760 686 3822 agnoscat
698 3756 886 3823 (quamquam
896 3771 931 3808 ea
944 3759 973 3807 et
985 3754 1101 3824 phrasis
1114 3760 1144 3807 et
1156 3753 1277 3822 spiritus
1289 3766 1323 3803 ac
1335 3749 1382 3802 uis
1395 3745 1436 3800 di-

189 3837 275 3892 cendi
284 3837 369 3892 facila
380 3841 524 3908 secernat)
534 3857 612 3893 nunc
621 3839 737 3894 demum
748 3843 776 3894 in
788 3844 927 3910 optimam
938 3843 1026 3894 unius
1037 3840 1144 3894 codicis
1155 3837 1261 3908 (ueluti
1269 3836 1367 3906 palam
1376 3851 1437 3888 cer-

187 3925 279 3994 nitur)
294 3924 418 3978 formam
433 3924 558 3993 redacta,
578 3926 739 3997 sedulaque
754 3946 789 3982 ac
802 3928 934 3996 diligenti
948 3946 1018 3982 cura
1030 3933 1060 3981 et
1078 3926 1222 3980 industria
1233 3922 1345 3978 Nicolai
1359 3921 1438 3974 Petit

189 4013 262 4066 artis
275 4013 480 4082 impressoriae
494 4016 671 4083 peritissimi,
682 4021 712 4068 et
724 4015 900 4085 bibliopolae
913 4015 1047 4085 capuani
1056 4016 1207 4084 impressa.
1221 4016 1306 4066 Anno
1317 4016 1437 4062 nostrae

190 4097 334 4153 salutishI
343 4139 348 4152 .
357 4099 382 4152 D
391 4143 396 4154 .
404 4099 575 4154 XXXVIII.
583 4101 735 4170 -(I·ladern
747 4100 835 4156 editio
847 4119 922 4173 quae
930 4100 1313 4172 nonnunquamJuncturum
1320 4095 1438 4149 nomine

191 4185 338 4253 occurrit).
352 4185 414 4239 Fol.
425 4186 458 4238 32
467 4187 495 4240 ff.
508 4203 625 4257 numm,
639 4187 689 4240 315
703 4205 730 4241 n.
743 4206 852 4242 nurnrn.
865 4195 953 4260 atquc
969 4189 1016 4242 107
1030 4189 1141 4258 passim
1154 4203 1262 4238 numm.
1273 4183 1359 4234 :454
1373 4181 1402 4234 ff.
1413 4211 1439 4220 -

191 4269 374 4344 (Audiffredi,
391 4271 466 4326 Bibl.
480 4271 616 4327 Casanat.
630 4273 652 4326 I.
666 4273 725 4328 570.
735 4305 761 4314 -
772 4274 940 4330 Clemencct
952 4275 1011 4330 392.
1021 4305 1047 4314 -
1056 4273 1134 4328 Hist.
1147 4273 1216 4326 Litt.
1234 4270 1270 4325 de
1285 4271 1315 4324 la
1326 4268 1438 4322 Franco

191 4358 278 4414 XIII.
288 4358 381 4413 218.-
390 4359 488 4429 Rossi,
498 4357 636 4414 Biblioth.
647 4361 773 4417 Borbon.
784 4361 808 4415 Ι.
818 4361 909 4416 aon-
922 4363 975 4416 Vis.
987 4379 1022 4416 ex
1032 4359 1164 4414 biblioth.
1175 4358 1263 4428 palat.
1272 4357 1441 4421 Menout-

589 4485 691 4552 Inter
713 4505 796 4552 ann.
819 4485 1055 4551 1523-1540:

244 4601 321 4670 485.
333 4645 375 4653 —
388 4605 437 4688 (S.
452 4607 674 4674 Bernardus.
694 4605 853 4686 Epistola,
870 4606 954 4686 capt.
976 4607 1027 4684 -t
1044 4606 1076 4668 A
1092 4603 1183 4668 bolre
1199 4599 1314 4682 newly
1330 4605 1439 4662 trans-

191 4689 284 4754 lated
298 4701 359 4758 out
371 4691 412 4758 of
419 4691 534 4777 Latyn
547 4691 583 4757 in
595 4701 631 4757 to
646 4691 841 4777 Englisshs,
855 4692 964 4756 called
979 4691 1052 4754 'I'he
1064 4688 1230 4772 l'olowing
1243 4685 1283 4750 of
1292 4683 1439 4748 Christe.
