3352 5280
568 1351 981 1458 Praefatio

725 1600 826 1608 *-

255 1737 534 1845 Nobilissimum
556 1778 742 1844 memoriae
764 1777 909 1865 gloriosi
931 1777 1082 1846 nominis
1097 1779 1151 1846 sui
1166 1787 1397 1852 meram

153 1903 189 1968 S.
204 1901 395 1969 Bemordus
412 1901 663 1968 Uloruvallereis
685 1901 760 1989 ipse
778 1901 932 1985 Operibus
955 1901 1026 1967 suis
1053 1901 1179 1968 erexit:
1195 1924 1397 1970 monumen·

151 2030 227 2089 tum
243 2045 322 2089 aare
338 2022 533 2111 perennius,
550 2044 633 2088 auro
649 2022 826 2108 fulgidius,
841 2022 986 2109 gemmis
1002 2022 1206 2110 pretiosius!
1223 2025 1248 2091 J
1249 2046 1305 2091 am
1320 2047 1394 2093 sae·

150 2144 230 2211 oulo
246 2166 316 2231 quo
336 2143 433 2223 vixit,
455 2145 566 2231 magis
581 2151 697 2210 antem
713 2144 881 2232 proximo,
897 2145 1090 2212 numerosis
1106 2145 1284 2212 oodioibns
1297 2170 1396 2236 prae-

149 2265 270 2332 sertim
294 2286 361 2354 ope
383 2266 669 2334 monasteriorum
695 2266 738 2332 ab
762 2266 836 2353 ejus
859 2265 941 2332 filiis
954 2266 1177 2334 fundatorum
1198 2291 1262 2356 per
1276 2291 1396 2337 omues

147 2387 312 2476 Europae
337 2395 454 2476 partes
480 2394 516 2453 et
540 2387 684 2454 ulterius
700 2387 813 2475 Opera
838 2389 882 2454 D.
908 2387 975 2454 viri
1001 2389 1300 2476 propagabantur3
1319 2397 1396 2458 tan-

147 2511 228 2576 dem
250 2510 349 2598 prelo
377 2508 546 2597 subjecta,
575 2509 612 2574 in
638 2509 775 2596 linguas
801 2510 1001 2596 peregrinas
1027 2511 1195 2578 translate
1220 2518 1257 2577 et
1282 2512 1396 2580 erudi·

147 2631 193 2698 tis
214 2629 471 2699 commentariis
485 2631 657 2698 instrueta
675 2654 747 2699 non
770 2654 791 2698 a
805 2633 940 2699 oleriois
955 2633 1203 2720 moneohisqua
1225 2633 1308 2702 solis
1324 2635 1396 2704 evi·

147 2752 289 2820 dissime
316 2753 417 2839 leuto,
437 2754 498 2820 sed
525 2754 627 2820 etiam
656 2754 694 2820 in
713 2753 881 2822 laieorum
903 2754 1063 2822 domibus
1090 2756 1318 2844 manibusque
1342 2756 1395 2824 in-

147 2882 254 2943 vente
279 2883 371 2955 sunt,
395 2883 432 2942 et
458 2877 593 2944 eunetis
615 2876 744 2944 Ohristi
769 2875 941 2961 fidelibus,
970 2876 1150 2944 oetboliois
1177 2877 1271 2945 haud
1294 2899 1395 2946 seous

146 3020 252 3086 quam
276 2997 624 3085 acatholicis,'dootis
646 3021 718 3067 non
736 2998 970 3087 minus.quam
984 2999 1145 3086 indoctis,
1169 3007 1326 3089 optatum
1341 3022 1394 3067 ae·

146 3119 282 3207 lutique
301 3119 494 3208 proficuum
520 3120 636 3188 eibum
655 3120 870 3208 spiritualem
889 3122 1133 3210 praebuerunt.
1165 3124 1268 3207 ,Quis
1289 3125 1391 3190 arim*

147 3241 270 3330 (verba
292 3251 374 3310 sunt
388 3242 539 3312 Danielis
553 3244 689 3330 Marri,
711 3243 783 3312 vid.
805 3244 847 3310 N.
865 3247 961 3330 1090)
986 3246 1054 3328 ,vel
1075 3267 1113 3312 ee
1127 3246 1270 3329 arrtiqrrie
1287 3247 1394 3330 patri·

146 3365 390 3433 bueBerrrordo
404 3367 595 3450 foecundior
617 3372 646 3433 et
668 3372 735 3434 tum
758 3367 885 3435 beris?
911 3369 989 3452 Quis
1009 3369 1046 3434 in
1068 3367 1260 3452 emptuendis
1280 3389 1394 3437 roffae

142 3489 321 3571 soeiplurae
342 3490 487 3557 sauine
508 3491 657 3558 meelrior
678 3495 708 3557 et
729 3495 796 3557 tom
818 3491 951 3558 riorus?
977 3493 1055 3575 Quis
1076 3494 1112 3556 in
1134 3492 1297 3559 suenrus
1319 3511 1393 3576 qra-

142 3611 237 3678 erbus
249 3613 448 3680 iaemiardie
464 3617 494 3679 ei
507 3612 681 3696 referendis
700 3615 889 3698 eloquentior
903 3621 932 3682 et
950 3621 1016 3682 torn
1025 3615 1129 3699 pirre?
1141 3615 1229 3680 Adeo
1250 3617 1287 3679 ut
1307 3613 1345 3679 ia
1358 3633 1393 3680 eo

143 3755 201 3800 nee
229 3736 385 3803 mutuis
406 3735 571 3802 Rom
595 3737 753 3804 desideres
778 3737 985 3819 domium
1005 3759 1062 3802 aee
1084 3736 1273 3802 devotionem
1298 3734 1392 3802 Obri-

140 3858 311 3924 etianae‘!
330 3856 494 3926 Profeoto
513 3858 606 3925 inter
626 3879 771 3944 magnos
793 3859 873 3928 illos
897 3859 1064 3926 eeclesiae
1088 3858 1291 3944 antiquioris
1308 3857 1392 3926 doo-

141 3986 239 4048 tores
261 3979 391 4047 frustra
409 4001 564 4066 quaeras,
588 3981 648 4068 qui
670 3981 761 4048 siout
778 3982 995 4066 ,Meltfluusr
1012 3979 1080 4070 piis
1102 3980 1300 4048 hominibus
1314 4002 1392 4068 gra·

139 4109 200 4170 tus
226 4109 264 4168 et
290 4109 465 4191 eeoeptus,
487 4103 595 4169 tentis
619 4103 854 4191 panegyribue
877 4102 1007 4190 ubique
1032 4103 1190 4190 gentium
1216 4104 1388 4190 laudatus,

140 4226 249 4294 toties
273 4246 295 4291 a
308 4225 535 4314 scriptoribus
558 4225 709 4292 inlibris
733 4225 924 4294 condendis
940 4225 1116 4293 adhibitus
1139 4224 1253 4307 fuerit,
1276 4231 1317 4292 ut
1330 4248 1391 4293 ne-

140 4371 211 4436 que
232 4346 392 4415 tristibus
413 4348 542 4416 seeouli
567 4347 692 4414 deoimi
715 4348 805 4415 sexti
827 4347 980 4416 motibus
1002 4370 1116 4435 nequa
1139 4346 1297 4434 stultitie,
1321 4369 1390 4434 qua

140 4469 299 4560 proxime
329 4471 448 4561 elapso
471 4471 607 4538 eoelum
636 4470 750 4559 ipsum
773 4469 968 4558 petebatur,
997 4470 1042 4536 de
1063 4469 1158 4536 illius
1181 4469 1389 4538 auctoritate

140 4592 331 4682 quidquem
354 4592 549 4660 detraetum
571 4592 634 4660 sit!
657 4593 780 4680 Itaque
794 4597 901 4681 prout
921 4592 1014 4660 retur
1034 4594 1161 4678 moysis
1179 4613 1261 4678 quos
1279 4597 1388 4680 perit,

141 4717 194 4784 sio
221 4715 375 4800 Operibus
396 4737 485 4803 quae
507 4713 650 4802 reliquit
671 4714 917 4803 sempiternam
932 4711 1079 4801 gloriam
1106 4722 1313 4784 oonseoutus
1336 4723 1390 4784 est
