3398 5270
849 346 1003 446 „⁸5-

361 536 436 606 323.
448 577 491 586 —
503 539 552 625 (S.
568 540 788 608 Bernartius.
806 538 1032 605 Meditationes
1046 539 1183 621 alapa.
1197 537 1254 622 —)
1269 536 1426 604 Libellus
1440 537 1556 604 medi-

305 625 479 690 tationum
501 624 613 690 saneti
629 623 817 711 Augustini
840 624 1006 712 episcopi.
1030 625 1107 690 Hec
1122 631 1204 690 sunt
1219 647 1286 710 que
1301 624 1339 689 iu
1353 625 1421 692 hoo
1444 646 1465 693 o
1492 649 1555 691 us-

304 711 383 776 culo
398 711 628 778 continentur.
644 710 817 812 Inprimis
833 711 985 776 carmina
1000 711 1037 777 in
1048 711 1189 778 laudem
1199 711 1303 777 huius
1319 711 1444 799 operis.
1459 649 1555 778 iiam

305 797 457 864 earmina
479 798 527 886 pij
578 820 663 886 apae
685 798 709 885 iJ
735 797 772 863 in
789 798 928 864 laudem
950 798 1045 864 beati
1068 798 1246 884 augustini
1270 799 1436 887 episcopi.
1459 801 1556 866 Item

306 885 458 950 carmina
477 907 556 973 map
585 885 662 973 stt)
685 884 777 970 vegij
803 885 841 950 in
863 885 1001 950 laudem
1023 885 1125 950 beate
1147 885 1294 951 monice.
1317 887 1406 952 Item
1430 886 1556 952 tabula

306 971 506 1059 capitularis
530 971 765 1071 superomnia
781 972 949 1058 opuscula
964 972 1021 1036 hio
1038 979 1213 1038 contenta.
1237 971 1264 1037 0
1291 973 1422 1039 usoula.
1439 973 1552 1039 Medi-

305 1057 455 1125 taticnes
471 1065 583 1124 saneti
599 1057 775 1145 augustini
792 1057 947 1157 episcopi
963 1059 1178 1146 hypcnensis
1193 1060 1230 1145 (.)
1277 1059 1445 1145 oliloquia
1460 1059 1551 1126 eius·

306 1145 394 1211 dem.
410 1145 571 1211 Manuale
584 1145 748 1210 eiusdem.
764 1145 1009 1212 Meditauoncs
1026 1145 1137 1211 sancti
1154 1145 1298 1211 anselmi
1313 1196 1320 1212 .
1333 1147 1552 1212 cantuarien·

307 1233 354 1298 sis
382 1231 643 1319 archiepiscopi.
674 1233 900 1298 Meditationes
925 1235 1029 1300 saneti
1055 1233 1206 1298 bentordi
1229 1234 1355 1300 abbatis
1382 1234 1419 1317 (l.
1438 1245 1552 1300 112vo

307 1319 371 1386 eol.
397 1330 561 1386 1-129v0
586 1319 650 1384 col.
676 1319 720 1404 2).
747 1319 897 1401 Epistola
920 1321 1057 1386 eiusdem
1081 1321 1119 1385 de
1136 1320 1328 1404 perfectione
1349 1323 1410 1387 aa
1433 1321 1471 1407 (f.
1489 1332 1552 1388 130

307 1406 371 1472 col.
387 1415 502 1472 1—131
518 1406 582 1472 col.
596 1405 640 1489 2).
659 1405 766 1471 Sermo
781 1409 884 1472 saneti
899 1407 1050 1472 tnnardi
1066 1407 1103 1471 de
1113 1409 1265 1488 passione
1277 1407 1419 1473 Domini.
1433 1407 1470 1492 (f.
1490 1419 1549 1474 131

307 1495 371 1559 ool.
389 1503 507 1558 a-160
525 1493 589 1558 ool.
607 1493 649 1577 1).
666 1491 824 1557 Mirabile
841 1493 971 1558 dictum
987 1492 1076 1580 petri
1094 1493 1244 1559 damiani
1260 1493 1302 1558 de
1318 1493 1402 1560 hore
1418 1494 1552 1560 mortis.

306 1581 488 1646 Tractatus
511 1579 622 1644 sancti
645 1578 811 1665 vincentij
831 1579 872 1643 de
888 1579 962 1644 vita
981 1580 1163 1666 spirituali.
1181 1619 1208 1628 -
1223 1581 1265 1645 In
1280 1580 1365 1646 fine:
1389 1581 1554 1647 Preolara

305 1667 370 1732 heo
398 1674 433 1732 et
457 1666 681 1732 deuotissima
708 1666 875 1753 opuscula
898 1666 981 1732 viris
1007 1665 1258 1766 perfectionem
1285 1667 1553 1755 peroptantibus

306 1774 327 1819 0
354 1760 495 1821 ortuna:
510 1775 734 1819 summanum
751 1752 1058 1839 diligentissume
1074 1761 1109 1818 et
1124 1754 1310 1840 castigata:
1353 1777 1390 1819 er
1406 1755 1553 1821 christo-

306 1777 454 1930 pi0rum
469 1839 507 1905 in
523 1840 613 1904 alma
626 1839 842 1905 venetiarum
865 1840 949 1906 vrbe
974 1862 1065 1906 anno
1088 1840 1301 1907 salutis.M.
1345 1841 1461 1908 0000
1477 1893 1484 1907 .
1499 1843 1552 1908 V.

305 1927 418 2015 pridie
439 1927 530 2015 ydus
553 1925 753 1993 nouembris
774 1927 942 2015 impressa
965 1934 1001 1993 et
1022 1926 1178 2014 perfecta
1193 1927 1334 1994 fuerunt
1354 1929 1397 1993 ad
1411 1929 1553 1996 laudem

307 2013 490 2081 saluatoris
506 2013 627 2081 nostri.
643 2013 736 2078 Laus
754 2013 829 2080 deo.
847 2053 873 2092 ε-

358 2119 396 2174 8⁰.
406 2149 432 2159 -
444 2117 493 2172 160
503 2117 532 2172 ff.
546 2117 590 2172 ch.
603 2134 630 2187 g.
644 2118 708 2172 siue
721 2121 794 2171 aust.
808 2124 838 2172 et
849 2135 896 2189 pp.
909 2135 988 2172 num.
1002 2135 1070 2172 cum
1082 2119 1135 2188 εἰς.
1149 2116 1225 2175 3311.
1238 2118 1254 2171 2
1267 2119 1332 2174 coll.
1341 2119 1467 2191 -fflist
1480 2119 1554 2174 Lin.

307 2206 343 2262 de
360 2206 392 2261 la
408 2205 521 2260 Franoe
538 2204 623 2259 XIII.
643 2204 703 2258 224.
715 2235 741 2245 -
752 2203 874 2274 Panzer,
899 2205 974 2262 Anu.
999 2209 1059 2277 typ.
1079 2203 1160 2260 VIII.
1185 2203 1244 2261 3⁷8.
1269 2205 1304 2261 N.
1323 2204 1381 2261 328.
1393 2237 1419 2247 -
1436 2206 1491 2262 Vis.
1516 2224 1555 2261 ex

232 2291 236 2302 '
308 2292 440 2349 biblioth.
452 2292 542 2364 palat.
555 2291 724 2362 Mones).-

361 2453 436 2524 324.
447 2493 489 2502 -
503 2453 551 2540 (S.
564 2454 786 2521 Bernartius.
799 2454 854 2539 -)
872 2452 993 2518 Omelia
1004 2474 1101 2535 sopra
1112 2454 1140 2519 la
1153 2453 1310 2536 evanpelio
1323 2453 1361 2518 de
1373 2453 1406 2518 la
1417 2453 1555 2518 secanda

298 2543 391 2627 feria
415 2542 458 2669 di,
472 2540 610 2606 Pascha.
639 2538 754 2626 („Duo
782 2561 825 2604 ex
852 2538 1031 2626 discipulis
1058 2539 1191 2628 Jesu“).
1219 2539 1381 2625 Veneria,
1409 2538 1554 2604 Zanchi.

310 2640 450 2805 15ἳὲἰεῖ
460 2677 533 2788 Iatt.
546 2730 583 2786 de
594 2731 625 2786 la
636 2729 749 2785 Itanos
761 2729 846 2785 XIII.
859 2729 919 2786 221.
928 2759 956 2770 -
965 2728 1024 2786 cfr.
1037 2729 1072 2785 N.
1087 2732 1169 2798 297).
1179 2760 1206 2771 -

362 2891 478 2960 325.-
489 2891 502 2974 (
505 2891 540 2960 S.
549 2892 828 2976 Romamne—t
838 2889 992 2956 Planctus
1000 2889 1200 2954 beateMaeie
1207 2888 1360 2972 Virpinis.
1373 2897 1465 2954 1505.
1475 2890 1554 2953 4⁰.-

360 2996 443 3068 (Brit.
456 2995 533 3050 Mus.
547 2993 640 3050 Catal.
654 2993 763 3066 „Berg“
779 2993 847 3063 177).
857 3023 884 3033 -

362 3144 489 3274 3220—-
505 3146 553 3233 (S.
570 3145 791 3213 Bernardus.
804 3143 860 3230 —)
888 3141 996 3209 Sermo
1015 3143 1053 3208 de
1069 3143 1222 3226 passione
1237 3141 1379 3207 Domini.
1396 3139 1555 3205 Venetiis

311 3243 450 3408 addidi.
459 3281 533 3392 intr.
546 3335 583 3391 de
594 3336 624 3390 la
635 3335 747 3391 Franee
759 3334 845 3391 XIII
856 3335 922 3399 221;
940 3334 1069 3389 fortasse
1083 3337 1217 3404 separate
1229 3332 1392 3403 impressus
1411 3347 1447 3386 ex
1466 3347 1556 3403 opere

307 3425 476 3496 RQ&-

362 3583 488 3653 327.-
498 3583 774 3669 (S.Bernardus.
784 3579 840 3664 -)
855 3579 930 3644 Fl:
949 3577 1115 3660 Speculum
1127 3578 1230 3642 divini
1241 3576 1360 3642 aneoen
1373 3627 1380 3640 .
1392 3573 1555 3640 rithmioo

256 3673 263 3692 ⁸
311 3670 470 3738 Carmine
486 3670 595 3735 instar
611 3667 740 3753 dialogi
756 3666 954 3733 dulcissime
970 3667 1155 3730 decurrens
1169 3712 1176 3729 .
1189 3685 1257 3748 quo
1273 3662 1352 3750 pius
1367 3662 1477 3727 lector
1492 3661 1556 3726 mi-

308 3782 385 3824 rum
400 3757 437 3823 in
452 3759 593 3824 modum
609 3757 651 3821 ed
667 3756 834 3822 Heroicas
851 3753 1021 3818 excitatur
1034 3751 1191 3816 virtutes.

569 3843 626 3910 Ad
642 3843 799 3909 diuiuum
814 3841 999 3907 Lentonem
1016 3837 1273 3926 Sapphioolon.

568 4009 637 4074 Hic
652 4009 731 4096 pius
745 4058 752 4074 .
765 4008 889 4074 doctus
903 4057 909 4072 .
924 4004 1069 4072 celebris
1083 4054 1090 4069 .
1102 4003 1274 4089 benignus
1288 4052 1295 4067 .

570 4097 638 4162 Hic
657 4103 692 4162 et
707 4103 849 4182 argutus
866 4093 1005 4162 Oithare
1020 4090 1186 4176 magister

569 4183 721 4249 Pulsitat
735 4205 864 4270 gnarus
881 4179 1010 4266 digitus
1027 4177 1171 4262 Generis

1022 4266 1139 4332 Oelioa
1153 4265 1295 4351 plectra.

309 4360 437 4427 Flvo:
465 4360 720 4445 Argumentum
746 4355 783 4420 in
811 4355 921 4420 diuini
949 4353 1074 4419 amoris
1102 4351 1290 4438 Speculum
1316 4347 1556 4436 perstringens

312 4469 431 4514 causas
454 4444 598 4511 materie
622 4443 866 4532 depromendo.

465 4534 576 4598 Erant
591 4533 659 4598 duo
676 4531 762 4598 socii
778 4531 814 4594 in
829 4527 951 4594 habitu
966 4525 1141 4592 claustrali

467 4620 531 4700 Qui
548 4642 650 4686 omne
665 4626 802 4704 tempus
818 4616 885 4701 ooij
902 4616 1037 4680 fervore
1053 4612 1225 4700 spirituali
1242 4613 1348 4699 (eto).
