3352 5280
188 553 430 623 admirationis
446 561 482 622 et
491 553 724 624 venerationis
739 553 830 622 inter
846 575 964 624 omnes
977 562 1100 642 gentes
1117 554 1150 622 ei
1167 553 1317 623 tributae
1334 555 1440 625 docu-

189 684 323 763 menta,
337 676 415 766 ipsa
430 677 631 744 admiranda
645 683 681 744 et
694 677 907 744 veneranda!

296 797 596 889 Bibliographiam
608 800 671 866 tali
683 807 850 887 tantoque
863 801 1008 870 consilio
1020 801 1216 868 institutam
1232 803 1362 870 anullo
1378 827 1439 869 un-

191 945 298 1011 quam
314 931 465 1011 auctore,
479 923 550 990 imo
570 923 631 990 vix
646 947 667 990 a
682 923 848 993 societate
868 925 1016 1011 quadam
1028 924 1065 990 in
1081 924 1279 991 eum‘finem
1301 924 1441 992 condita

188 1044 296 1134 plene
311 1046 537 1134 absoluteque
551 1045 672 1136 perfici
687 1069 800 1135 posse,
823 1071 886 1136 per
900 1070 937 1114 se
952 1054 1059 1135 patet,
1076 1071 1155 1114 oum
1171 1046 1287 1117 omnia
1299 1047 1440 1114 omnino

189 1189 299 1256 opera
310 1191 419 1256 eaque
434 1191 537 1258 saepe
548 1169 746 1236 vastissima
757 1176 793 1236 et
804 1191 923 1237 omnes
936 1169 1173 1258 ephemerides
1185 1171 1285 1259 (quas
1298 1175 1440 1256 vocant)

188 1290 421 1378 theologicae,
433 1292 629 1377 historicae,
640 1293 824 1377 literariae,
839 1293 1033 1360 numerosis
1044 1293 1280 1361 voluminibus
1290 1316 1354 1381 per
1367 1293 1440 1358 uni·

189 1435 332 1482 versum
348 1415 467 1485 orbem
483 1416 668 1504 disperses,
690 1439 754 1482 nec
771 1439 791 1482 a
806 1414 953 1504 singulis
967 1439 1080 1502 neque
1106 1439 1126 1482 a
1141 1415 1376 1505 compluribus
1391 1416 1442 1482 ita

188 1539 352 1628 pervolvi
366 1546 505 1627 queant,
529 1546 570 1606 ut
583 1561 726 1627 prorsus
748 1537 837 1604 nihil
851 1539 1081 1606 attentionem
1104 1537 1264 1624 effugiat!
1287 1538 1380 1604 Hinc
1405 1544 1441 1604 et

188 1669 351 1729 nostrum
373 1683 460 1750 opus
474 1683 587 1748 neque
602 1661 735 1728 lacunis
752 1667 847 1728 caret
860 1682 973 1747 neque
989 1659 1200 1744 defectibus;
1226 1659 1440 1727 confidentes

187 1807 287 1871 vero,
308 1784 567 1852 emendationes
582 1791 618 1851 et
633 1783 828 1850 additiones
844 1782 1056 1849 continuatis
1078 1782 1207 1848 nostris
1223 1781 1438 1869 aliorumque

189 1908 286 1974 curis
300 1929 371 1976 non
386 1907 564 1975 defuturas
580 1929 666 1992 esse,
688 1905 829 1973 interim
844 1906 928 1972 satis
950 1913 1133 1975 contentos
1156 1927 1220 1974 nos
1239 1904 1314 1973 fore
1334 1905 1439 1993 proli-

187 2039 315 2115 temur,
338 2031 367 2097 si
395 2052 555 2099 censores
577 2027 827 2116 religiosissimi
850 2028 1009 2116 inspecta
1032 2029 1098 2095 hac
1122 2025 1438 2115 ,Bibliographia“,

193 2165 258 2220 129
271 2175 431 2221 numeros
453 2159 506 2241 (ut
520 2152 662 2237 vocant)
687 2174 732 2218 ex
745 2150 1005 2238 manuscriptis
1028 2157 1064 2216 et
1086 2160 1169 2218 2761
1195 2171 1238 2216 ex
1260 2149 1436 2237 impressis

191 2275 358 2362 operibus
377 2273 544 2360 librisque
568 2273 764 2359 exhibente,
786 2295 851 2341 nos
866 2310 902 2322 —
916 2293 987 2340 non
1007 2272 1167 2339 obstante
1186 2270 1277 2337 tristi
1297 2293 1365 2358 qua
1384 2293 1439 2336 ur·

189 2419 316 2483 gemur
332 2395 578 2464 conditione-
592 2403 628 2462 et
643 2397 716 2462 heac
730 2397 866 2479 coepisse
879 2401 915 2460 et
936 2394 1198 2478 dimidiamfacta'
1219 2393 1332 2460 habere
1343 2391 1438 2479 judi-

190 2517 367 2586 caverint!

282 2643 508 2725 Inscriptioncs
521 2647 680 2706 accurate
691 2637 921 2722 reddidimus,
936 2636 980 2704 ad
991 2638 1184 2706 incunabula
1194 2635 1288 2724 quod
1300 2634 1435 2719 attinet,

190 2787 273 2831 cum
297 2764 469 2851 permulta
494 2761 633 2831 nonnisi
661 2761 785 2828 solutis
810 2759 903 2826 notis
931 2763 1006 2844 (seu
1032 2758 1365 2844 abbreviationibus)
1394 2758 1438 2823 ab

188 2885 321 2953 Heinio
341 2885 486 2972 aliisque
503 2923 530 2935 -
546 2892 586 2952 ut
600 2883 802 2973 praesertim
817 2883 971 2948 Panaero
994 2881 1233 2965 exhibeantur,
1249 2880 1365 2946 omnia
1384 2879 1435 2946 sio

188 3006 446 3096 descripsimus,
462 3007 708 3094 inaequalitate
734 3005 828 3072 haud
849 3011 949 3093 grata
971 3004 1039 3073 hoc
1060 3005 1165 3071 modo
1182 3002 1330 3087 evitata;
1356 3024 1433 3089 spe·

191 3128 299 3205 cisles
313 3131 480 3217 quosdam
494 3129 602 3196 libros
618 3129 661 3194 de
679 3128 900 3196 incunabulis
920 3127 1053 3214 aliquot
1070 3126 1359 3192 bibliothecarum
1382 3147 1435 3189 rc-

190 3275 275 3318 cens
290 3252 402 3320 editos
418 3251 573 3318 adhiberi
589 3273 660 3318 non
674 3250 842 3339 potuisse,
857 3256 980 3338 utpote
992 3250 1050 3316 vel
1065 3248 1191 3316 nullibi
1206 3247 1367 3315 inventos
1379 3247 1437 3313 vel

189 3397 264 3442 non
289 3375 485 3463 permissos,
508 3375 732 3441 vehementer
762 3373 929 3440 dolemus.
954 3373 1048 3452 Quae
1072 3371 1139 3459 ipsi
1163 3371 1206 3437 ad
1227 3392 1350 3436 manus
1376 3371 1436 3436 ha-

191 3495 331 3563 buimus
346 3495 566 3581 incunabula,
582 3497 659 3563 fuse
675 3495 850 3583 descripta
861 3503 897 3562 et
910 3494 961 3561 sic
974 3493 1226 3562 nonnullaeres
1242 3491 1285 3556 ad
1301 3491 1335 3557 S.
1350 3491 1436 3556 Ber-

190 3619 338 3685 nardum
351 3625 549 3707 spectantes
563 3626 721 3706 repertae
736 3625 827 3704 sunt,
851 3640 940 3703 quae
955 3615 1040 3682 alias
1056 3615 1100 3682 ad
1122 3613 1358 3700 cognitionem
1374 3633 1436 3679 no-

190 3749 299 3807 stram
312 3762 383 3807 non
394 3739 643 3829 pervenissent.
656 3739 726 3808 Ubi
738 3746 842 3806 notae
854 3737 1147 3826 typographicae:
1164 3759 1273 3802 annus
1288 3741 1324 3801 et
1338 3735 1436 3801 locus

190 3863 432 3952 impressionis
444 3872 548 3950 atque
561 3863 712 3948 officina,
728 3864 784 3929 vel
800 3884 919 3931 omnes
931 3863 988 3927 vel
1000 3860 1158 3947 singulae
1167 3859 1302 3942 desunt,
1316 3881 1336 3922 a
1347 3857 1436 3944 peri·

188 3987 319 4053 tiorum
343 3986 549 4074 scriptorum
571 3993 606 4052 et
629 3985 901 4072 antiquariorum
916 3983 1089 4051 sententia
1109 4003 1181 4048 non
1203 3978 1435 4064 discessimus,

192 4109 396 4197 conjecturs
410 4115 529 4177 nostra
543 4109 580 4175 in
595 4107 773 4176 nonmdlis
789 4107 926 4174 casibus
941 4105 1087 4193 adjecta.
1104 4105 1184 4171 Non
1199 4101 1324 4170 minori
1340 4100 1435 4168 solli-

190 4231 347 4298 citudine
361 4230 592 4320 posteriorum
615 4230 832 4297 saeculorum
845 4229 954 4296 libros
973 4226 1226 4311 recensuimus;
1248 4225 1286 4290 in
1309 4224 1435 4311 quibus

188 4353 218 4421 si
244 4353 329 4441 quid
353 4362 503 4420 erratum
526 4353 761 4440 emissumque
782 4352 889 4420 fuerit
903 4351 1010 4438 (quod
1031 4349 1069 4416 in
1088 4356 1187 4416 tanta
1209 4369 1324 4414 rerum
1346 4347 1436 4412 silva

186 4474 391 4565 praecaveri
403 4475 550 4561 nequit),
565 4474 816 4542 correctionem
832 4497 852 4540 a
865 4471 1054 4540 lectoribus
1069 4492 1259 4558 precamur.

293 4599 336 4664 In
359 4596 521 4664 extremis
543 4619 656 4685 pauca
678 4597 721 4663 de
749 4597 860 4664 Iadica
879 4594 1084 4662 Baaaraaa
1109 4591 1431 4681 „Bibliographiae“

187 4741 326 4788 annexo
363 4718 512 4786 dicenda
545 4726 635 4786 sunt.
676 4718 764 4786 Oum
802 4717 997 4805 complures
1032 4714 1203 4782 editiones
1236 4711 1434 4800 generalem
