3398 5270
887 429 949 495 102

295 623 495 678 institutione:
509 620 582 675 elias
596 618 730 674 doctrina
741 637 913 691 puerorum
931 626 962 675 et
974 623 1155 676 correctione
1167 636 1290 675 morum
1304 617 1389 674 Scala
1400 618 1549 674 claustra·

294 708 380 772 linm;
390 709 454 763 siue
465 707 501 762 de
509 707 597 763 modo
608 707 717 763 orandi.
728 708 867 762 Porruula
876 708 1002 763 honeste
1012 710 1081 763 vite.
1091 707 1310 762 Documentum
1322 705 1453 760 notabile
1467 707 1549 759 eius·

295 795 361 852 dem
372 795 502 850 materie.
517 793 675 866 Speculum
689 794 908 849 monachorum.
924 793 1067 848 Doctrina
1081 795 1159 848 beati
1176 793 1325 848 Bemardi.
1344 795 1445 848 Sermo
1464 791 1548 846 beati

294 881 436 937 Bernardi
455 884 484 935 in
497 881 615 937 laudem
628 887 659 936 et
671 881 954 937 commendationem
967 881 1053 936 beate
1065 882 1157 936 Maria
1169 883 1305 952 virginis:
1319 881 1409 952 priori
1421 881 1549 950 impres·

295 970 372 1025 sioni
390 967 516 1024 additus.
535 969 692 1023 Sermones
711 968 846 1022 nonnulli
864 968 900 1024 ab
919 969 984 1023 aliis
997 969 1144 1040 prioribus
1158 970 1337 1038 sequestrati
1351 985 1441 1038 quum
1454 984 1515 1020 non
1529 983 1550 1019 a

296 1061 398 1110 sancto
417 1054 567 1109 Beruardo
589 1055 717 1110 editivisi
736 1056 766 1127 (l)
785 1057 853 1112 sint.
872 1056 1008 1128 Epistola
1025 1055 1168 1110 Bernardi
1188 1056 1350 1110 siluestris:
1370 1053 1406 1108 de
1424 1070 1495 1109 cura
1515 1058 1549 1106 et

295 1143 436 1213 regimine
449 1143 490 1196 rei
503 1141 664 1196 familiaris,

348 1229 395 1283 Fa
407 1229 445 1300 (n.
456 1228 561 1297 numi:
573 1229 701 1283 Judocus
712 1229 885 1283 Clicllwucue
897 1230 1131 1300 Neoportuensis
1145 1229 1278 1298 benignis
1291 1229 1450 1284 lectoribus
1465 1227 1548 1282 salu-

297 1321 359 1371 tem
374 1317 492 1387 (quibus
506 1315 603 1386 Opera
616 1315 650 1371 D.
664 1315 806 1369 Bernnrdi
820 1317 953 1387 impense
970 1315 1174 1386 commendet).
1193 1316 1235 1369 Ib.
1252 1315 1436 1370 Tetrasticbon
1450 1332 1546 1370 mecn-

295 1403 412 1458 st'onum.
431 1403 600 1474 (Eloquium
617 1407 744 1456 castum:
764 1404 951 1458 sanctissima
966 1402 1117 1474 dogmata:
1136 1421 1243 1472 mores,
1260 1408 1314 1456 eto.
1335 1403 1411 1457 Sunt
1426 1402 1484 1456 dno
1502 1401 1549 1455 di·

297 1490 411 1550 sticha).
431 1490 473 1543 Ib.
493 1489 547 1544 ool.
566 1490 597 1544 2:
619 1490 665 1543 Ad
682 1489 877 1544 reuerendum
895 1493 924 1544 in
944 1490 1062 1546 Christo
1082 1497 1195 1562 patrem
1214 1490 1363 1544 dominum
1384 1490 1547 1544 Michaelem

296 1577 408 1632 tadu:
420 1576 624 1646 lingonensem
638 1578 807 1648 episcopum
817 1577 921 1632 ducam
931 1595 965 1632 ac
977 1595 1077 1648 parem
1088 1579 1197 1632 francie
1207 1595 1295 1648 quam
1308 1577 1548 1630 meritissimum:

298 1679 351 1718 sue
369 1663 511 1718 bonitatis
531 1665 655 1733 exiguus
674 1669 774 1716 orator
791 1663 895 1718 Frater
914 1665 1081 1719 Franciscus
1098 1680 1214 1734 nrauroy
1232 1663 1460 1717 clareuallensis

434 1750 494 1804 Inc.
531 1750 573 1805 'Pe
592 1767 777 1822 quocumque
795 1751 888 1806 i'eras:
906 1769 1052 1822 nusquam
1071 1751 1242 1822 dignissime
1260 1749 1360 1822 presul

574 1837 640 1892 Hoc
659 1843 688 1891 te
707 1837 849 1892 Bemardi
866 1837 965 1893 codice
983 1837 1129 1893 destituis.

419 1923 503 1994 Expl.
539 1923 722 1978 Bernardum
741 1925 842 1979 crebro
861 1925 980 1994 legites:
1001 1942 1174 1996 semperque
1193 1923 1339 1995 profunda

575 2011 674 2066 Mente
692 2018 779 2066 notes
798 2014 892 2066 sancti
911 2011 1049 2082 dogmata
1067 2017 1170 2066 sancta
1187 2013 1250 2068 viri.

350 2097 427 2152 Sunt
444 2097 546 2152 XXVI
565 2097 707 2168 disticha).
734 2098 844 2154 savo:
868 2099 1009 2152 Jotonnis
1028 2099 1128 2168 Epidij
1145 2101 1326 2153 nuceriensis
1344 2096 1381 2151 ad
1396 2097 1547 2150 lectorem.

298 2185 384 2256 (Incz
406 2186 464 2238 Dat
484 2186 536 2239 tibi
554 2185 713 2240 mellilluus
732 2185 857 2240 fecunda
876 2187 1026 2240 volumina
1044 2185 1147 2240 doctor
1166 2193 1235 2248 etc.;
1254 2191 1325 2239 sunt
1343 2184 1372 2238 X
1390 2183 1477 2253 dist).
1501 2183 1547 2236 lb.

298 2271 352 2325 col.
365 2275 394 2325 2:
407 2271 454 2326 Ad
468 2271 581 2326 librum.
601 2272 687 2342 (Incr
704 2273 719 2325 1
732 2291 823 2327 nunc:
842 2279 871 2328 et
884 2273 1002 2328 tandem
1019 2279 1114 2326 totum
1127 2272 1276 2327 Bernarde
1289 2290 1341 2343 per
1353 2271 1461 2338 orbem,
1475 2273 1547 2332 etc.;

298 2363 369 2412 sunt
379 2360 403 2413 V
414 2358 500 2429 dist).
511 2357 593 2413 Idcm
604 2359 624 2414 J
626 2359 758 2413 ohannes
771 2359 893 2430 tigidius
905 2363 1011 2413 iterum
1025 2359 1061 2412 nd
1076 2360 1190 2414 librum.
1204 2359 1279 2412 Ine:
1292 2358 1314 2414 1.
1327 2358 1401 2429 pede
1413 2358 1549 2428 precipiti

298 2450 395 2499 totum
407 2445 550 2499 bernarde
562 2462 614 2516 per
627 2447 735 2515 orbern,
750 2452 818 2510 eto.;
838 2451 908 2500 sunt
921 2446 968 2500 ΙΙΙ
981 2446 1068 2516 dist).
1088 2447 1111 2498 F
1121 2448 1151 2500 3:
1171 2447 1278 2516 Incipit
1291 2445 1419 2498 Profatio
1433 2443 1547 2497 domini

298 2531 450 2586 Guillermi
463 2532 578 2586 abbatis
599 2535 629 2586 in
647 2535 739 2586 vitam
756 2536 852 2587 sancti
864 2528 1006 2587 Be1·1iardi
1020 2533 1106 2603 (etc).
1126 2535 1200 2586 Post
1216 2517 1335 2586 titulum
1350 2536 1380 2586 et
1395 2531 1429 2583 59
1439 2529 1468 2583 ff.
1484 2547 1548 2584 non

297 2637 406 2674 numm,
425 2619 558 2687 (Summa
573 2645 601 2666 ::
616 2621 660 2685 60)
676 2621 814 2688 leguntur
829 2621 915 2674 baec:
935 2621 1044 2674 Deuoti
1060 2620 1137 2691 (etc.)
1154 2619 1292 2673 Beruerdi
1312 2618 1389 2688 (etc.)
1406 2618 1549 2686 seraphion

297 2706 412 2774 scriptu:
433 2705 565 2773 diligenti
587 2724 656 2760 oure
677 2725 742 2760 curn
765 2707 925 2778 architypis
950 2707 1123 2761 bibliothece
1144 2706 1219 2760 dicte
1233 2705 1420 2760 'clarcuallisz
1442 2722 1460 2758 a
1477 2722 1548 2760 non-

297 2793 382 2846 nullis
400 2791 515 2859 ejasdem
532 2795 628 2847 dont-us
646 2795 793 2863 reliq-loeis:
814 2795 997 2848 vtvoraciora
1009 2794 1039 2865 (l)
1052 2812 1086 2848 ae
1105 2793 1305 2848 enrendatiom
1323 2795 1353 2846 in
1368 2793 1463 2846 lucem
1480 2810 1548 2863 pro-

297 2879 406 2934 dirent:
426 2881 534 2934 collata
546 2899 579 2935 ac
592 2881 627 2936 ab
642 2884 685 2936 eis
698 2884 849 2950 recognita
863 2883 948 2950 (otc).
968 2883 1138 2951 Sequuntur
1154 2883 1182 2935 ll'.
1197 2882 1245 2934 194
1266 2899 1389 2940 numm.·,
1407 2881 1423 2931 4
1441 2881 1469 2935 ff.
1485 2898 1549 2934 nou

298 2983 420 3030 numm.;
437 2967 485 3020 154
503 2968 530 3022 ff.
550 2985 674 3031 numm.;
690 2971 724 3021 40
740 2986 863 3031 numm.;
879 2969 895 3019 3
911 2986 971 3022 non
986 2987 1110 3029 numm.;
1127 2969 1297 3023 summatim
1312 2969 1399 3024 dbbd'.
1410 2987 1477 3022 cum
1491 2970 1547 3037 sig.

299 3071 322 3108 s.
336 3060 424 3116 oust.;
439 3054 488 3107 l'ol.

352 3140 388 3194 In
408 3141 481 3194 fine:
499 3141 634 3196 Melliflui
650 3141 809 3212 deuotique
824 3143 954 3196 doctoris
967 3143 1027 3196 diui
1041 3142 1181 3196 Beruardi
1194 3143 1414 3198 claruuallcnsis
1427 3143 1547 3198 abbatis

300 3227 455 3298 seraphica
466 3230 576 3298 scripta
588 3228 624 3282 ad
638 3231 848 3299 omnipotentis
862 3229 917 3299 dci,
931 3232 994 3284 eius
1007 3231 1180 3284 intemerate
1192 3231 1295 3284 matris
1305 3231 1426 3299 virginis
1439 3231 1546 3284 marie:

299 3316 488 3385 omniumque
504 3333 698 3385 supernorum
714 3319 823 3370 ciuium
837 3317 961 3386 gloriam
974 3323 1004 3370 et
1019 3317 1175 3370 bonorem:
1195 3322 1283 3386 alque
1300 3317 1464 3370 orthodoxe
1477 3316 1548 3370 fidei

299 3401 508 3456 exaltationem
527 3421 640 3456 necnon
660 3404 897 3472 illustrationem,
916 3406 1136 3458 accuratissime
1154 3405 1319 3472 recognita:
1344 3409 1478 3474 optatum
1498 3403 1547 3457 bic

300 3487 416 3542 tandein
431 3491 597 3543 sortiuntur
610 3493 712 3544 lilium:
728 3492 878 3561 impressa
889 3493 919 3544 in
932 3493 1039 3561 insigni
1051 3491 1244 3560 [lugdunensi
1256 3492 1386 3561 emporio
1400 3491 1548 3545 industria

300 3580 330 3630 et
341 3577 482 3645 impensis
495 3577 578 3646 probi
593 3579 645 3632 viri
655 3578 674 3632 J
678 3577 802 3632 ohannis
812 3578 896 3650 cleyn
910 3578 1055 3632 alemanni
1066 3577 1271 3648 chalcograplii
1281 3581 1370 3648 atque
1379 3576 1547 3648 bibliopole.

299 3663 440 3716 Extrema
456 3679 562 3718 manus
578 3666 714 3735 apposita
729 3665 787 3718 fuit
801 3681 878 3718 anuo
895 3666 1001 3720 salutis
1018 3671 1118 3720 nostre
1130 3665 1194 3720 XV.
1208 3683 1298 3736 supra
1312 3663 1501 3720 millesimum
1516 3661 1547 3734 (l)

298 3765 400 3803 mense
418 3749 510 3820 aprili.
529 3749 638 3820 Insign.
658 3757 718 3822 typ.

353 3835 518 3905 (Buxheim,
529 3836 621 3892 Oatal.
632 3838 666 3892 N.
680 3840 895 3894 lus-Ostiis
905 3840 1003 3894 XXll.
1013 3842 1073 3892 466.
1084 3838 1287 3894 -Olemencet
1296 3840 1355 3895 391.
1366 3871 1392 3878 —
1401 3838 1479 3892 ffist.
1490 3837 1546 3892 litt.

300 3920 336 3976 de
354 3923 383 3976 la
395 3923 507 3977 Franco
523 3923 608 3977 XllI.
625 3925 683 3980 218.
701 3925 761 3979 221.
772 3959 795 3964 -
807 3927 946 3980 ldabillon
959 3928 982 3980 Ι.
1001 3929 1030 3980 in
1049 3927 1143 3980 Praol'.
1154 3957 1179 3965 -
1189 3927 1311 3994 Panzer,
1327 3928 1403 3981 Anu.
1419 3929 1479 3996 typ.
1493 3924 1545 3979 XI.

299 4009 358 4061 450.
369 4008 403 4061 N.
414 4010 473 4065 272.
482 4040 508 4049 -
519 4010 686 4064 Roseutbul
699 4011 790 4066 Catal.
804 4015 845 4066 60.
859 4013 893 4066 N.
904 4014 962 4067 470.
974 4046 998 4052 —
1016 4015 1067 4067 Vis.
1078 4031 1114 4067 ex
1128 4012 1259 4067 biblioth.
1273 4013 1361 4083 palat.
1375 4013 1509 4082 Monac).
1519 4043 1545 4052 -

355 4157 483 4223 389.-κ
495 4159 529 4224 S.
546 4159 764 4227 Bernardus.
785 4163 898 4241 Opera.
916 4161 1072 4226 Venetiis
1092 4173 1184 4226 1515.
1202 4176 1220 4226 2
1239 4162 1316 4227 coll.
1334 4163 1380 4226 4⁰.
1396 4201 1422 4210 -

353 4259 511 4329 (Scriptum
531 4278 597 4314 csse
617 4262 733 4315 videtur
747 4263 903 4333 „Venulr'is“
921 4281 974 4334 pro
991 4265 1174 4334 ,‚Lupduni“;
1193 4264 1243 4318 illa
1262 4267 1339 4318 enim
1358 4263 1447 4319 editio
1467 4264 1549 4318 nulla

300 4347 414 4400 ratione
432 4347 581 4417 probatur.
595 4379 619 4386 -
630 4348 718 4404 Cave.
729 4381 753 4387 —
765 4349 899 4404 Olearius
918 4349 942 4404 I.
963 4351 1031 4420 129).
1040 4380 1068 4389 -

358 4493 541 4578 {tillir—(S.
558 4499 776 4566 Bernartius,
797 4498 971 4576 Oreticum,
990 4522 1099 4565 susce.
1117 4507 1172 4583 —l
1193 4499 1277 4564 Tit:
1296 4499 1364 4565 Der
1381 4501 1442 4566 scic
1457 4499 1548 4582 rych-

302 4583 427 4664 lcslpcb.
451 4582 493 4645 lu
513 4583 599 4647 line:
621 4584 846 4649 Gliedrdoket
868 4587 960 4649 vnde
983 4586 1174 4650 i'ulleeudet
1189 4586 1307 4651 Dorch
1322 4586 1548 4650 Lodewicum

300 4667 414 4755 Dyetz
429 4693 478 4754 yn
496 4671 557 4733 der
572 4679 642 4734 stat
653 4672 840 4736 Rozstbck.
857 4673 917 4735 doe
933 4673 1202 4758 myddewelieus
1218 4695 1263 4736 na
1279 4674 1378 4737 derne
1392 4673 1548 4758 soudage
