3398 5270
890 390 930 453 76

836 481 990 488 ——-.—.—

288 598 329 661 In
344 597 613 684 fine:11upresso
631 597 666 660 in
683 594 839 681 Venetia,
855 619 917 682 per
933 594 1087 662 Antoni0
1105 594 1139 660 di
1154 595 1286 660 Zauchi
1305 597 1348 661 da
1364 597 1538 682 Bergamo

289 684 345 748 adi
365 694 413 748 14.
431 684 473 748 de
490 687 625 769 Agosto
643 684 698 747 del
718 695 810 748 1501.
827 721 861 730 —

344 787 383 840 4⁰.
395 787 430 839 26
440 787 469 840 ll'.
480 787 523 841 ch.
538 787 694 856 semigoth.
707 787 723 839 2
734 786 808 855 coll,
822 804 844 842 s.
854 804 902 857 pp.
915 805 943 840 n.
954 805 977 841 o.
988 804 1011 842 e.
1021 819 1045 827 -
1057 787 1207 856 (Argelati,
1218 787 1291 842 Bibl.
1303 786 1330 841 d.
1340 786 1504 856 Volgarizz.
1514 786 1538 841 I.

291 874 347 930 140.
355 905 379 913 -
387 873 565 930 Gsnibaula.
574 905 599 913 -
607 874 713 944 thrym,
723 873 796 929 Bibl.
808 874 873 930 Ital.
881 874 919 928 II.
928 875 986 930 679.
997 874 1023 928 N
1026 874 1228 944 .6.-Paitoui,
1239 873 1539 944 Bibl.Volg.I.163.-

288 962 408 1029 Pauzer,
420 964 496 1015 Anu.
509 967 569 1032 typ.
583 961 663 1016 VIII.
676 961 736 1014 345.
751 961 785 1015 N.
798 962 839 1016 58.
852 994 876 1000 —
887 963 952 1016 Nol.
966 979 1002 1017 ex
1014 961 1147 1017 biblioth.
1161 962 1310 1016 Marciana
1324 960 1447 1030 venet).
1457 993 1484 1000 -

341 1047 377 1104 N.
393 1049 420 1102 l:
434 1050 528 1118 prima
540 1050 596 1118 (ap.
609 1048 795 1118 11166166).-

342 1185 417 1256 298.
434 1227 476 1234 -
493 1188 541 1274 (S.
557 1189 776 1256 Beruardus.
791 1189 1010 1272 -111Ἰον6163
1026 1191 1129 1254 sancti
1145 1189 1311 1254 Ber-riardi
1333 1187 1370 1252 in
1393 1211 1430 1252 se
1456 1209 1536 1252 cou-

288 1273 403 1339 tinens
419 1297 514 1338 sacre
530 1273 705 1360 theologie
721 1283 756 1338 et
771 1297 942 1340 canonum
955 1275 1057 1341 flores
1075 1275 1117 1339 ad
1132 1275 1260 1360 gaudia
1272 1273 1437 1361 paradysi
1453 1274 1537 1338 fina-

289 1361 370 1426 liter
386 1384 454 1442 eos,
472 1363 530 1445 qui
545 1383 581 1424 se
595 1360 712 1425 inillis
727 1361 995 1426 exercitauerint
1006 1363 1247 1452 perducentes.
1265 1363 1365 1446 (loon
1377 1360 1537 1446 Magistri

290 1459 359 1512 tres
376 1447 564 1533 discipulos
582 1448 764 1531 docentis).
787 1449 828 1512 In
848 1449 926 1530 fine,
943 1448 967 1512 f.
984 1460 1065 1513 506:
1088 1447 1172 1513 Diui
1188 1447 1358 1514 Bernardi
1374 1449 1537 1514 Floretus

290 1534 449 1600 omnibus
474 1534 640 1618 cuiusque
665 1534 875 1600 conditionis
899 1545 934 1599 et
948 1542 1058 1600 status
1075 1536 1118 1600 ad
1135 1537 1191 1600 dei
1214 1537 1352 1600 laudem
1369 1555 1536 1600 amorcm-

290 1644 356 1705 que
368 1621 550 1708 perueuire
561 1621 694 1704 (diuino
707 1620 857 1704 tramite)
870 1622 1070 1687 volentibus
1082 1622 1177 1688 vtilis
1194 1632 1229 1687 et
1240 1622 1457 1687 necessarius
1472 1621 1537 1686 Oo-

290 1707 384 1774 lonie
406 1707 594 1824 impressus
618 1707 761 1794 explicit
783 1708 941 1774 feliciter.
965 1711 1068 1775 Anno
1093 1709 1265 1775 dominice
1288 1707 1538 1774 incarnationis

289 1794 580 1882 nocetur*

342 1899 379 1954 4⁰.
391 1899 472 1969 goth.
487 1916 553 1952 cum
569 1900 642 1968 sign.
659 1899 723 1953 sine
742 1905 815 1954 cust.
834 1906 863 1953 et
879 1905 939 1971 typ.
953 1901 1043 1966 (Gisiz
1058 1899 1235 1972 [QuentellD¹
1249 1899 1283 1952 52
1298 1899 1326 1954 ff.
1342 1917 1403 1952 uon
1418 1917 1539 1968 numm,

289 1987 425 2041 ultimum
439 1991 532 2040 vacat.
543 2018 567 2024 -
577 1985 659 2055 (Brit.
670 1986 746 2041 Mus.
758 1986 850 2042 Catal.
864 1987 973 2057 „Berg“
987 1987 1044 2043 187.
1054 2019 1079 2026 —
1089 1987 1249 2054 Fabricius
1259 1986 1334 2040 Bibl.
1347 1985 1397 2042 lat.
1408 1985 1431 2041 I.
1442 1987 1504 2040 624.
1512 2016 1538 2024 -

291 2073 354 2128 Gisi
370 2073 412 2127 20.
428 2074 461 2126 N.
478 2072 643 2126 78.-Η161.
658 2073 730 2126 Litt.
747 2073 782 2126 dc
799 2074 828 2127 la
844 2073 956 2127 Franco
972 2073 1056 2128 XIII.
1074 2074 1298 2142 ‘Et-Panum,
1313 2075 1389 2127 Anu.
1406 2079 1468 2144 typ.
1485 2072 1538 2126 XI.

289 2161 348 2212 392.
362 2159 395 2214 N.
413 2160 456 2222 16;
475 2159 576 2214 eadem
594 2158 683 2212 editio
697 2177 771 2230 quae
785 2177 829 2230 ap.
843 2160 956 2213 Pauzer
969 2159 1018 2213 VI.
1031 2159 1090 2215 349.
1104 2161 1136 2214 N.
1153 2160 1192 2214 16.
1203 2192 1227 2198 -
1238 2159 1405 2214 Rosenthal
1418 2159 1481 2214 Cat.
1495 2161 1537 2212 41.

288 2247 323 2300 N.
339 2247 413 2300 1118.
423 2278 448 2286 -
464 2247 516 2301 Vis.
531 2264 567 2300 ex
581 2247 712 2301 biblioth.
727 2247 883 2302 Cramifau.
898 2253 928 2300 et
940 2245 1145 2318 Heidelberg).
1156 2280 1180 2286 -

344 2388 419 2456 299.
432 2429 473 2436 —
487 2389 533 2472 (S.
549 2390 768 2457 Bernardus.
786 2391 837 2472 —)
861 2389 916 2453 El
933 2388 1000 2452 Tit.
1029 2389 1187 2470 (lpascala
1203 2389 1273 2452 diui
1289 2389 1455 2454 Berncrdi
1478 2385 1538 2452 ab·

291 2473 381 2540 batis
397 2475 680 2540 Clarauallensis:
697 2497 846 2539 unacum
863 2477 994 2556 cpz'stolo
1017 2497 1078 2540 saa
1100 2477 1145 2538 ad
1168 2477 1281 2540 cleram
1304 2478 1479 2557 spirensem
1503 2481 1539 2538 et

290 2562 455 2647 populum
473 2562 671 2626 uniuersum
689 2583 767 2626 cum
784 2561 1084 2626 commendatione
1105 2561 1260 2626 ciuitatis
1275 2563 1442 2648 spirensis
1457 2583 1537 2624 nec-

291 2669 361 2713 non
385 2671 464 2713 cum
488 2648 695 2733 quibusdam
719 2648 795 2712 aliis
819 2648 1028 2734 specialibus
1052 2647 1257 2712 tractatibus
1273 2649 1369 2734 prius
1387 2669 1457 2713 nou
1473 2647 1536 2710 im-

289 2734 433 2820 pressis:
451 2757 597 2819 quorum
609 2734 702 2799 tituli
715 2734 751 2798 in
763 2734 831 2798 fine
844 2734 923 2798 libri
936 2733 1117 2799 habentur.
1137 2737 1244 2816 (Haec
1257 2734 1293 2798 in
1306 2736 1445 2820 fronte).
1461 2735 1536 2798 Fe:

292 2821 453 2887 Philotan·
468 2823 613 2886 maniachi
621 2844 631 2885 .·
646 2822 699 2886 De
715 2821 788 2885 vita
804 2831 838 2885 et
854 2821 1007 2887 moribus
1021 2821 1105 2886 Diui
1120 2822 1289 2886 Bernardi
1306 2821 1443 2886 abbatis
1459 2821 1536 2886 Ola-

291 2908 444 2972 reuaIlis:
459 2908 747 2993 Congregationis
759 2907 1016 2972 Cisterciensis:
1031 2931 1073 2972 ex
1086 2909 1205 2974 ordine
1216 2908 1415 2972 Beatissimi
1427 2907 1535 2993 patris

290 2993 474 3059 Benedicti
501 2997 637 3059 Carmen
660 2997 898 3061 carontiuslicoa
923 2994 1057 3080 (1111).
1084 2995 1185 3080 „Diui
1208 2995 1377 3059 Bernardi
1402 2993 1537 3058 abbatis

291 3081 556 3146 Clareuallensis
569 3081 699 3146 ordinis
717 3083 956 3147 Cisteroiensis
973 3083 1125 3146 doctoris
1142 3082 1356 3147 deuotissimi
1370 3082 1536 3167 opuscula

290 3169 337 3232 Et
354 3167 466 3255 primo
484 3169 526 3232 ad
541 3169 728 3253 gloriosam
743 3169 914 3253 virginem
926 3169 1069 3233 mariam
1086 3169 1284 3254 deprecatio
1309 3176 1344 3233 et
1367 3169 1442 3232 laus
1467 3168 1534 3232 ele·

289 3254 501 3340 gautissima.
519 3256 733 3339 Sequuntur:
747 3257 794 3318 IV
810 3260 1003 3320 Sermones,
1016 3257 1180 3320 Eormula
1195 3255 1339 3320 honeste
1356 3255 1437 3319 vite.
1452 3254 1536 3340 Spe·

291 3343 405 3407 culum
419 3342 676 3406 monachorum.
690 3343 742 3406 De
756 3343 876 3406 ordine
885 3342 956 3406 vite
969 3350 1003 3406 ct
1015 3364 1149 3408 morum
1163 3342 1391 3406 institutione.
1404 3342 1458 3405 De
1471 3342 1536 3406 viis

289 3429 371 3494 vite.
387 3430 440 3493 De
453 3429 616 3514 gradibus
630 3429 834 3493 humilitatis
848 3437 883 3493 et
895 3429 1066 3516 superbie.
1084 3430 1137 3494 De
1153 3429 1226 3492 vita
1237 3429 1392 3494 solitaria
1408 3429 1451 3492 ad
1467 3428 1534 3492 fra·

290 3527 359 3580 tres
380 3516 423 3580 de
443 3524 560 3580 monte
577 3516 643 3580 dei.
665 3517 719 3580 De
740 3517 917 3600 diligendo
939 3518 1050 3580 deum.
1071 3517 1124 3580 De
1144 3538 1258 3580 amore
1280 3515 1345 3580 dei.
1365 3515 1419 3579 De
1440 3516 1533 3580 scala

291 3602 536 3668 claustralium.
552 3603 605 3668 De
621 3602 733 3688 gratia
749 3612 784 3667 et
799 3604 907 3669 libero
924 3603 1077 3668 arbitrie.
1094 3605 1147 3668 De
1163 3611 1327 3689 precepto
1344 3613 1380 3666 et
1396 3602 1533 3688 dispen-

290 3689 434 3755 satione.
458 3690 511 3754 De
528 3690 753 3755 conversione
770 3691 811 3754 ad
827 3691 986 3754 scolares.
1010 3691 1065 3754 Ad
1081 3689 1229 3754 humane
1254 3689 1463 3754 conditionis
1481 3711 1535 3755 oo-

289 3775 482 3861 gnitionem
494 3776 736 3843 meditationes
754 3777 986 3841 deuotissime.
1006 3778 1059 3841 De
1070 3775 1227 3841 interiori
1240 3777 1353 3840 doma.
1375 3775 1535 3840 Homelie

290 3886 395 3950 super
407 3864 605 3948 euangeli0:
622 3864 749 3928 Missus
767 3873 828 3928 est.
852 3864 1012 3929 Homelia
1028 3863 1065 3928 in
1081 3863 1255 3928 dominica
1270 3863 1360 3927 iulia
1376 3871 1535 3927 octauam

291 3950 485 4036 epiphanie.
511 3950 621 4037 Super
637 3951 835 4035 evangelio:
859 3951 951 4015 Ecce
973 3972 1037 4016 nos
1060 3950 1261 4036 reliquimus
1285 3949 1400 4015 omnia
1423 3949 1534 4014 decla-

290 4037 469 4102 mationes
487 4038 689 4102 96666666ιι
706 4038 830 4121 (varii).
850 4038 922 4122 „De
935 4037 1221 4102 consideratione.
1236 4037 1355 4101 Sermo
1370 4036 1412 4100 de
1426 4036 1535 4100 chari-

290 4126 381 4189 tate“
412 4125 468 4205 (al.
491 4124 609 4190 libello
638 4125 679 4188 de
702 4125 878 4210 diligendo
901 4125 1013 4188 Deum
1037 4130 1217 4202 annexus).
1245 4123 1400 4188 Homilia
1428 4125 1534 4208 (una).

290 4211 449 4297 Epistola
472 4211 514 4275 ad
538 4212 710 4296 quendam
733 4212 822 4289 Quid
837 4235 857 4276 a
872 4211 972 4277 nobis
987 4212 1140 4297 requirat
1156 4213 1240 4274 deus
1263 4209 1454 4274 insinuans.
1479 4211 1534 4274 Ad

291 4297 503 4364 Gulielmum
520 4298 681 4363 abbatem
698 4299 961 4364 Cluniacensem
977 4299 1161 4386 Apologia.
1187 4297 1345 4384 Epistola
1359 4297 1403 4360 ad
1417 4297 1533 4361 rober-

291 4393 365 4450 tum
387 4391 560 4470 nepotem.
585 4385 639 4448 De
662 4385 914 4469 gubernatione
938 4386 1077 4450 familie.
1100 4384 1283 4450 Meditatio
1307 4383 1533 4448 deuotissima

291 4494 394 4559 super
410 4472 513 4536 Saloe
529 4471 658 4557 regina.
683 4471 794 4558 Super
809 4471 1005 4557 symbolum
1021 4473 1266 4558 apostolorum.
1291 4471 1403 4557 Super
1426 4470 1534 4536 domi·

290 4558 405 4623 nicam
421 4559 611 4624 orationem
629 4557 769 4643 (aliique
785 4561 959 4642 minores).
981 4559 1172 4623 Orationes.
1187 4559 1357 4644 Hymnus.
1374 4557 1534 4624 Homelie

290 4645 358 4712 LII
380 4667 483 4734 super
500 4645 644 4712 Cantica
660 4645 884 4712 canticorum.
908 4647 1044 4732 Regula
1065 4645 1286 4711 nouitiorum.
1309 4643 1470 4732 Epistola
1492 4644 1534 4708 ad
