3400 5276
800 403 953 500 Q

511 594 640 642 uusms
666 594 710 640 nr
734 594 905 642 consonis
930 595 1103 642 rvnirnrs
1129 592 1247 641 vareo.

463 701 522 762 Qvi
547 699 650 760 evasi
675 699 739 745 son
763 699 968 747 iresvnesus
992 701 1028 746 iu
1045 699 1286 758 rrauauan'm,

589 803 642 849 sic
666 802 836 849 assvnsrr
860 803 896 849 ru
920 805 1060 850 sanato
1086 803 1165 850 osi:

532 909 593 968 Qvi
616 909 663 952 sn
686 908 870 955 tvsi'lstau
895 910 1038 956 navans
1062 909 1220 957 asinos:

343 1015 386 1061 ar
411 1014 514 1074 stsr
538 1012 670 1060 sennen
693 1012 831 1058 avnes'r
855 1013 890 1058 ru
914 1014 1115 1061 asararrvas
1140 1010 1416 1060 aaraanrrsrss.

398 1118 525 1180 sauro,
550 1117 696 1178 moves,
720 1115 825 1162 raum
850 1116 973 1164 orasis
998 1115 1364 1176 nvrvssncn1racr0‚

434 1221 473 1270 sa
497 1222 542 1268 an
567 1221 657 1269 svau
681 1220 774 1266 eane
799 1219 963 1266 osannae
985 1219 1150 1268 navo'rvs
1175 1219 1323 1276 osanna,

680 1323 848 1385 nnnrear,
873 1322 1077 1371 coussoasr

715 1428 941 1476 ssuomnsms
965 1429 1044 1476 mvs

723 1532 891 1580 moronus
916 1533 1039 1581 cessus

810 1638 837 1685 J.
861 1638 897 1684 M.
921 1638 955 1682 ll.

311 1725 404 1794 Scap:
412 1724 556 1792 Praefatio
566 1723 603 1778 sd
615 1723 755 1778 lectorem
769 1724 794 1791 (l
807 1725 874 1794 pp),
886 1721 1028 1778 Generalis
1036 1722 1180 1790 seposito
1192 1739 1256 1776 cum
1271 1720 1366 1776 indice
1376 1723 1508 1792 capitum

260 1813 288 1884 (t
301 1813 360 1884 pp.)
374 1819 403 1866 et
420 1811 482 1865 Vita
495 1810 524 1866 S.
537 1809 676 1864 Bernardt
688 1809 716 1863 ll.
727 1809 785 1862 Vll
798 1809 1010 1879 comprehensa
1022 1813 1059 1880 (p.
1075 1809 1169 1879 1-84).
1183 1809 1337 1862 Alexandri
1347 1808 1402 1862 ΙΙΙ
1414 1807 1510 1861 literae

259 1897 296 1954 ad
310 1897 461 1953 ecclesiam
476 1896 657 1952 Gallicanam
667 1899 732 1966 (etc.
741 1915 766 1966 p.
775 1895 891 1963 84-85).
906 1895 1045 1966 Gaasredt
1054 1896 1170 1951 abbatis
1184 1894 1357 1950 claraevall.
1363 1895 1406 1950 IV
1412 1893 1509 1949 Sarrae

259 1989 289 2039 in
302 1986 502 2040 anniversario
518 1984 616 2038 obitus
629 1983 657 2038 S.
670 1983 701 2038 P.
715 1981 856 2037 Bernardi
869 1985 907 2052 (p.
920 1981 1034 2052 tlt-so).
1047 1982 1187 2037 Philattri
1198 1982 1333 2036 monachi
1346 1983 1383 2036 de
1395 1981 1465 2036 Vita
1478 1987 1509 2035 et

259 2071 391 2128 Moribus
404 2071 432 2126 S.
445 2069 587 2126 Ber-nardi
601 2071 716 2124 Carmen
729 2071 967 2124 Encomiasticon
980 2071 1018 2142 (p.
1031 2069 1145 2142 90-96).
1164 2070 1303 2125 Nicolaus
1317 2069 1510 2138 Haoqaeattle:

261 2159 296 2214 de
309 2159 460 2214 Laudibus
473 2157 501 2211 S.
515 2156 655 2212 Bernardi
669 2163 699 2211 et
712 2159 773 2211 situ
786 2156 998 2212 Clarae-Vallis
1016 2159 1054 2228 (p.
1068 2157 1181 2229 tto-st).
1201 2157 1344 2226 Baptistae
1355 2155 1511 2210 Mantuani

264 2247 378 2302 uanam
391 2244 631 2300 encomiasticum
642 2244 672 2297 in
685 2245 776 2298 vitam
790 2249 820 2296 ct
835 2243 947 2297 obitum
960 2242 989 2297 S.
1002 2241 1142 2297 Bernardi
1154 2245 1192 2314 (p.
1205 2243 1259 2313 st).
1272 2243 1425 2312 Descriptio
1433 2243 1511 2310 post·

262 2332 346 2386 tionis
364 2347 417 2386 seu
438 2332 607 2386 situationis
620 2329 832 2386 Clarae-Vallis
845 2331 883 2401 (p.
896 2331 949 2399 97).
969 2330 1102 2386 Illustn'a
1114 2333 1263 2386 variorum
1275 2331 1308 2384 de
1320 2329 1349 2386 S.
1362 2329 1509 2384 Beraarda

262 2419 385 2490 ejusque
406 2420 523 2488 scriptis
544 2417 649 2487 Elopia
671 2423 701 2471 et
722 2417 904 2472 Testimonia
924 2419 961 2488 (p.
981 2418 1112 2488 99-110).
1135 2417 1299 2473 Paraetacis
1315 2419 1354 2472 ad
1370 2417 1510 2472 Sectartoe

261 2509 299 2577 (p.
315 2506 461 2576 lit-111).
478 2506 662 2574 Chroaotapia
675 2506 744 2559 attae
756 2510 781 2558 et
791 2506 954 2574 comptarum
966 2505 995 2560 S.
1008 2506 1149 2560 Bernardi
1159 2509 1198 2577 (p.
1213 2505 1359 2576 112-120).

314 2591 439 2658 (Quibus
453 2591 588 2646 omnibus
601 2592 754 2645 conficitur
767 2592 959 2660 „Introductis
971 2592 1002 2646 in
1018 2591 1106 2660 Opera
1118 2591 1147 2646 S.
1159 2593 1333 2664 sarmata).

314 2681 407 2748 Scap:
421 2679 532 2733 Tamus
542 2679 716 2747 LEps'stolas
725 2680 797 2749 (386)
808 2680 971 2750 continens,
985 2683 1034 2750 qui
1046 2697 1125 2734 nunc
1136 2682 1262 2750 primum
1274 2682 1361 2734 novis
1374 2678 1510 2750 epistolis

262 2769 375 2820 auctior
385 2773 415 2820 et
424 2767 562 2837 praefixis
572 2765 608 2819 cd
619 2767 750 2836 singulas
761 2769 951 2835 Argumentis
962 2768 1025 2820 sive
1035 2769 1210 2837 summariis,
1222 2770 1291 2821 item
1302 2769 1392 2822 variis
1402 2773 1510 2822 macta-

263 2853 403 2922 tionibus,
421 2853 544 2923 aliisque
556 2852 594 2906 ad
607 2853 703 2907 lucem
717 2852 830 2924 Operis,
850 2860 879 2907 et
891 2852 1078 2907 commodum
1090 2854 1224 2908 Lentonis
1237 2853 1398 2908 adornatus
1411 2853 1512 2925 prodit

263 2940 300 3009 (p.
317 2939 428 3011 1-152).
442 2971 466 2978 —
480 2939 591 2994 'lomus
604 2939 642 2993 ll.
656 2939 797 2994 Sermones
808 2941 839 2994 ia
852 2941 1014 2996 Dorniaicas
1025 2945 1049 2994 et
1062 2943 1137 3010 festa
1149 2959 1202 3012 per
1213 2943 1341 3010 Annum,
1359 2942 1430 2996 item
1443 2941 1510 2996 Ser-

264 3043 368 3080 mones
385 3027 482 3080 varios
499 3043 552 3082 seu
569 3027 729 3080 dediceretis
744 3029 925 3095 argumentis
939 3027 1024 3082 CXII
1039 3028 1106 3098 plus
1123 3029 1221 3082 minus
1238 3035 1292 3083 etc.
1308 3027 1509 3099 complectens
1537 3081 1540 3088 ,

265 3113 291 3182 (2
306 3111 334 3168 ff.
348 3131 375 3166 n.
388 3130 496 3168 numm.
513 3119 540 3178 t
556 3131 603 3184 Pl’.
619 3113 731 3184 1-272).
742 3145 767 3153 -
777 3113 888 3168 Tomos
901 3113 955 3170 ΠΙ.
973 3115 1114 3169 Sermones
1128 3115 1159 3168 tn
1174 3115 1318 3170 Canticum
1332 3115 1510 3170 Canticoram

266 3200 465 3270 complectens
480 3201 507 3272 (2
524 3201 552 3254 ff.
568 3219 596 3256 n.
612 3218 721 3256 numm.
736 3205 766 3268 -Ι-
780 3219 826 3272 pp.
846 3200 957 3270 1-139).
970 3232 997 3240 —
1009 3201 1119 3255 'lomus
1137 3202 1186 3256 lv.
1205 3203 1349 3256 tractatas
1365 3204 1463 3256 varios
1479 3209 1512 3255 et

268 3287 406 3356 Qascala
418 3287 629 3358 complectens:
643 3288 688 3342 De
699 3288 941 3343 Consideratione
955 3287 992 3342 ad
1005 3290 1076 3359 Eug.
1091 3290 1202 3360 Papam
1213 3290 1242 3344 ll.
1256 3291 1289 3344 V.
1303 3289 1460 3343 Tractatus
1472 3287 1510 3342 dc

264 3373 396 3428 Moribus
407 3380 435 3428 et
447 3375 551 3430 Ollicio
562 3375 781 3446 Episcoporum.
795 3376 941 3446 Apologia
950 3375 986 3429 de
996 3378 1058 3430 vita
1070 3383 1100 3430 et
1112 3377 1242 3430 moribus
1255 3377 1460 3446 religiosorum
1472 3375 1509 3430 ad

265 3461 456 3517 Guilielmum
465 3462 601 3516 abbatem
611 3462 638 3518 S.
650 3462 831 3518 Theoderici.
842 3463 886 3517 De
897 3463 1075 3533 Contempta
1088 3463 1186 3517 mundi
1198 3481 1251 3519 seu
1261 3463 1297 3518 de
1308 3467 1370 3518 vita
1379 3470 1410 3517 ct
1422 3465 1510 3517 mori·

265 3551 320 3604 bus
338 3549 517 3605 Olericorum
533 3553 588 3604 rite
603 3551 802 3606 instituendis,
816 3551 860 3604 De
874 3549 1020 3620 diligendo
1034 3551 1105 3604 Deo.
1120 3551 1165 3605 De
1176 3553 1272 3620 gratia
1284 3556 1315 3604 et
1329 3551 1421 3605 libero
1434 3552 1510 3604 arbi-

266 3639 330 3692 tria.
344 3637 389 3691 De
402 3643 556 3707 praecepto
571 3644 602 3690 et
611 3637 840 3708 dispensatione.
853 3637 897 3690 De
909 3637 1048 3707 grmlihirs
1061 3637 1237 3691 humilitatis
1248 3643 1278 3691 et
1290 3639 1452 3708 superbiae.
1465 3638 1511 3691 De

266 3741 344 3778 nova
353 3724 458 3777 militia
467 3740 520 3777 seu
531 3723 703 3777 Exhortatio
716 3723 752 3776 ad
761 3723 871 3778 Milites
882 3724 1003 3794 Templi.
1017 3725 1062 3778 De
1072 3726 1264 3778 conversione
1273 3725 1310 3777 cd
1320 3723 1442 3779 clericos
1456 3742 1511 3780 seu

268 3811 433 3866 exhortatio
448 3811 483 3864 de
497 3812 558 3864 vila
570 3812 598 3863 in
612 3810 719 3864 molius
729 3809 934 3865 convertenda.
945 3809 990 3864 De
1001 3811 1147 3864 amoribus
1158 3811 1239 3864 Petri
1249 3809 1413 3864 Abaclardi.
1424 3810 1513 3864 Trac-

267 3904 347 3952 tatus
361 3897 397 3952 ad
409 3898 566 3968 Hugonem
580 3897 615 3951 dc
625 3898 652 3952 S.
665 3897 781 3952 Victore
794 3897 830 3952 dc
841 3897 1071 3962 Quaestionibus
1084 3897 1120 3950 ab
1133 3899 1197 3968 ipso
1212 3899 1379 3968 propositis.
1393 3896 1437 3950 De
1449 3899 1513 3951 vita

269 3985 398 4040 stichus
411 3987 504 4054 gestis
518 3985 545 4040 S.
559 3985 720 4039 Malachiae
733 3987 760 4054 (6
770 3985 799 4038 ff.
812 4003 840 4038 n.
854 4003 962 4040 numm.
981 3995 1002 4047 t·
1017 4003 1063 4056 pp.
1078 3985 1188 4055 1-140).
1199 4016 1223 4022 —
1234 3984 1345 4038 'l'omus
1355 3983 1388 4038 V.
1403 3984 1512 4050 Aliena,

267 4073 371 4138 Dubia,
384 4072 478 4124 Natta
493 4077 517 4125 et
530 4072 714 4140 Sappcsttttta
730 4072 943 4142 complectens:
958 4072 1110 4126 Gilleberti
1126 4071 1162 4124 de
1178 4071 1337 4125 Hoilandia
1352 4069 1511 4124 Sermones

268 4247 388 4301 Fratres
398 4245 435 4299 de
444 4245 545 4299 Monte
555 4246 618 4300 Dei.
628 4245 703 4300 Vitis
714 4247 840 4317 Mystica
852 4263 906 4300 seu
916 4247 1072 4301 'Ihactstus
1083 4245 1118 4300 de
1128 4247 1271 4300 Passioue
1281 4245 1400 4299 Domini
1409 4261 1512 4315 super:

270 4335 333 4404 Ego
350 4351 416 4388 sum
432 4335 501 4388 vitis
518 4351 595 4388 vera.
615 4333 823 4388 Meditationes
839 4336 988 4404 piissimae
1007 4334 1043 4388 ad
1060 4334 1204 4387 humanae
1221 4332 1396 4386 conditionis
1413 4333 1513 4402 cogni-

270 4425 388 4476 tionem.
406 4421 451 4475 De
467 4421 604 4475 interiori
619 4419 706 4473 domo
726 4438 779 4474 seu
794 4419 829 4474 de
846 4419 1033 4476 Conscientia
1045 4419 1232 4476 aedificanda.
1252 4420 1297 4474 De
1311 4418 1420 4474 Ordine
1432 4421 1513 4473 vitae

271 4515 301 4564 et
315 4525 429 4562 morum
444 4509 639 4577 institutione,
658 4507 694 4560 al.
715 4507 759 4561 De
776 4507 918 4562 Doctrina
935 4525 1091 4579 puerorum
1111 4525 1166 4562 seu
1181 4507 1409 4562 adolescentum.
1429 4504 1516 4559 Scala

271 4595 481 4651 claustralium
495 4597 557 4649 sive
567 4593 723 4648 tractatus
736 4593 772 4649 dc
785 4594 871 4648 modo
886 4594 996 4648 orandi.
1015 4595 1060 4648 De
1073 4612 1172 4650 amore
1182 4595 1238 4650 Dei
1250 4611 1304 4648 seu
1316 4592 1353 4647 de
1366 4590 1514 4662 diligendo

270 4683 344 4738 Deo.
366 4681 526 4736 Instructio
546 4680 711 4736 Sacerdotis
733 4697 786 4735 seu
806 4681 842 4734 de
860 4683 1023 4753 praecipuis
1045 4684 1195 4754 mysteriis
1212 4687 1333 4736 nostrae
1354 4679 1515 4750 religionis.
