3398 5270
135 681 345 727 rosencrans
368 681 469 726 onser
488 657 598 724 liever
616 681 783 726 vrcuwen
802 661 890 726 ende
909 659 939 725 is
954 683 1022 726 ven
1038 661 1155 726 tleven
1171 661 1258 726 ende
1273 661 1387 748 passio

137 769 203 815 ons
226 746 306 812 lisfs
329 745 436 812 heren
460 747 548 811 ende
570 746 689 812 maria.
711 745 808 812 Doer
831 747 1030 834 pietersoen
1054 746 1092 812 in
1118 748 1387 834 Englenburch:

137 833 395 902 Amstelredam
411 833 550 920 (loidi)
571 871 597 882 -

191 937 230 992 8⁰.
249 937 319 994 Sine
342 953 390 1008 pp.
415 943 446 992 et
469 941 543 992 cust.
563 953 630 990 cum
654 938 729 1007 sign.
748 937 839 1008 A-H,
858 937 891 992 68
901 938 930 994 ff.
949 939 984 993 20
1001 938 1032 995 ll.
1047 970 1074 980 -
1090 939 1173 1007 (Brit.
1198 939 1275 996 Mus.
1295 939 1387 996 Oatcl.

139 1024 252 1097 „Bere
273 1024 378 1096 1⁸⁴).-

193 1163 270 1234 433.
281 1205 322 1212 -
334 1165 382 1251 (S.
400 1167 619 1235 Bernartius.
635 1165 689 1231 De
708 1165 1104 1252 VimSoiituriu.-)F1
1122 1165 1206 1232 Tit:
1224 1167 1346 1249 Remulo
1358 1167 1386 1232 b.

137 1253 254 1318 Patris
266 1253 433 1317 Benedicti
445 1275 474 1318 e.
487 1251 520 1318 b.
533 1253 716 1318 Dunstcno
730 1252 915 1338 diligenter
928 1254 1116 1340 recognita,
1131 1277 1209 1319 curn
1220 1253 1387 1340 plusculis

139 1339 219 1404 aliis
239 1361 260 1404 s
279 1346 377 1424 tergo
401 1338 504 1404 huius
529 1362 570 1404 ex
596 1339 753 1405 licendis.
774 1339 935 1419 (Subtuffi
959 1341 1074 1426 imago
1095 1341 1129 1406 S.
1145 1339 1329 1406 Benedicti
1353 1348 1388 1404 et

138 1426 263 1492 verbe:
278 1426 505 1490 Venundatur
514 1424 556 1490 ab
564 1363 702 1493 Jpodoeo
712 1427 823 1491 Badio
834 1427 1066 1509 Ascensi0).F
1079 1440 1159 1493 lvo:
1176 1426 1388 1512 Insequenti

138 1512 334 1578 enchiridio
359 1519 532 1578 contenta.
556 1513 709 1579 Prei'atio
734 1514 770 1577 in
792 1515 961 1600 Regulam
976 1566 983 1580 .
996 1514 1029 1580 b.
1045 1513 1250 1580 Benedicti.
1265 1513 1389 1600 Capita

138 1600 299 1665 eiusdem
312 1650 319 1664 .
332 1600 469 1750 Repula
483 1599 577 1665 beati
594 1601 702 1686 patris
718 1601 911 1666 Benedicti.
928 1602 1029 1666 Bulle
1046 1623 1257 1667 summorum
1272 1601 1387 1687 ponti-

136 1689 246 1752 ficum
258 1685 364 1758 (scilz
400 1686 577 1751 nnocentii
594 1687 670 1774 [ΠΙ]
682 1694 717 1752 et
729 1688 918 1754 Clementis
927 1689 982 1774 V).
995 1688 1187 1754 Profitsndi
1200 1687 1310 1754 forma
1322 1687 1386 1753 sub

163 1773 319 1838 raedicta
338 1773 467 1858 regula.
485 1774 697 1860 Opusculurn
712 1774 873 1858 Hugonis
891 1776 933 1840 de
949 1776 1053 1840 modo
1070 1775 1202 1842 orandi.
1221 1776 1388 1840 Tractatum

136 1798 167 1926 d).
185 1861 352 1926 Bernomli
375 1863 413 1924 de
443 1861 517 1925 Vim
541 1860 705 1926 Soricaria.
723 1900 750 1908 -
766 1863 910 1927 F57vo:
934 1862 1064 1948 incipit
1085 1861 1260 1927 Praefatio
1284 1861 1386 1926 Beati

136 1948 307 2014 Bernordi
327 1951 380 2030 (vt
398 1947 514 2033 plures
535 1949 693 2033 credunt)
714 1948 751 2012 in
771 1948 953 2035 epistolam
974 1949 1048 2014 siue
1067 1955 1254 2014 tractatum
1268 1949 1306 2014 de
1321 1951 1388 2014 olto

135 2035 489 2133 solitoriopodsrctraa
504 2036 541 2099 de
557 2041 659 2100 moute
675 2037 735 2100 dei.
751 2035 847 2100 Fit:
862 2035 1038 2123 Explicite
1053 2044 1106 2100 est
1121 2035 1308 2134 Braefatio.
1329 2035 1386 2100 In-

135 2121 473 2274 iiiiiiiliii
488 2121 1031 2297 iiiiiiiiiiuiiiii.
1046 2123 1309 2297 iiiiii.
1329 2121 1387 2274 ti

135 2294 303 2361 hortatio.
322 2293 463 2378 5Dist.;
480 2303 560 2382 post
576 2318 632 2360 ea:
649 2297 747 2368 τέλος.
760 2334 794 2344 -

191 2398 249 2454 iii.
268 2416 296 2452 n.
315 2415 425 2456 numm.
445 2404 476 2453 et
496 2399 545 2452 100
562 2417 671 2456 numm.
692 2401 729 2454 8⁰.
745 2399 789 2456 ch.
808 2405 863 2454 rot.
883 2418 949 2456 cum
968 2402 1041 2470 sign.
1060 2401 1125 2456 sine
1143 2404 1218 2454 cust
1237 2416 1261 2454 s.
1279 2399 1299 2454 l.
1318 2416 1342 2455 e.
1360 2417 1386 2453 a.

137 2485 216 2541 ised:
237 2487 367 2556 Parisiis¹
386 2504 409 2543 c.
430 2486 650 2542 liic-Baiae.
670 2486 778 2541 Biblth.
797 2486 837 2540 Il.
856 2487 914 2543 743.
933 2487 968 2542 N.
985 2485 1274 2545 riae-iiosenihai
1293 2485 1386 2541 Oatal.

135 2573 182 2628 28.
199 2572 233 2628 N.
252 2572 350 2627 503.-
364 2573 417 2627 Vis.
437 2589 473 2628 ex
491 2572 594 2628 biblth.
613 2572 700 2644 palat.
720 2572 941 2644 vindobon).-

681 2749 721 2816 Α.
743 2753 843 2818 1521:

192 2889 269 2958 434.
282 2929 324 2937 —
337 2891 488 2976 (Badius
503 2890 711 2959 Ascensius.
725 2889 781 2974 -)
802 2889 1015 2956 Euchiridiom
1024 2891 1158 2972 piorum
1172 2890 1333 2966 mentium,
1349 2885 1387 2952 in

136 2999 208 3062 quo
222 2975 446 3043 continentur
458 2977 634 3063 Opuscula
647 2976 690 3040 ed
701 2975 867 3063 pietatem
880 2975 1078 3060 eruditoria,
1090 2983 1217 3039 scilicet:
1231 2983 1386 3054 Benjsmin

135 3079 396 3136 minor.Bichardi
410 3081 447 3135 de
463 3080 490 3135 S.
507 3081 626 3136 Victore
642 3078 678 3135 de
693 3082 808 3134 ratione
824 3079 962 3135 studendi
979 3085 1009 3134 et
1023 3079 1241 3150 contemplandi
1259 3078 1385 3136 libellus.

136 3169 221 3223 Beati
232 3167 373 3222 Bermcrda'
385 3168 417 3222 de
425 3169 593 3237 perfectione
604 3169 663 3224 ode.
683 3168 710 3222 S.
724 3169 870 3222 Vincentii
883 3167 994 3222 ordinis
1007 3167 1227 3222 Prodicatorum
1241 3172 1384 3222 tractatus

140 3257 222 3310 vitae
236 3255 406 3326 spiritualis.
420 3255 551 3310 Thomas
563 3273 581 3308 a
592 3255 716 3326 Kempis
729 3254 766 3310 de
778 3256 948 3310 Imitatione
962 3254 1072 3310 Christi
1084 3253 1176 3308 libelli
1189 3254 1238 3311 IV.
1251 3255 1271 3310 J
1273 3272 1299 3311 0.
1313 3254 1384 3309 Ger·

136 3344 221 3398 sonis
237 3347 382 3396 tractatus
395 3341 431 3396 de
448 3341 639 3396 meditatione
655 3341 760 3396 cordis.
779 3341 860 3396 Libri
876 3340 1051 3397 Salomonis.
1069 3341 1158 3396 Liber
1171 3341 1338 3411 Sapientiae
1355 3347 1386 3396 et

136 3429 375 3484 Ecclesiasticus.
388 3429 518 3498 Parisiis,
531 3428 663 3484 dedecus
677 3427 787 3483 Badius
803 3429 876 3483 1521.
892 3429 943 3483 12⁰.
953 3459 980 3468 -
989 3427 1138 3500 (Biblioth.
1151 3427 1250 3483 'Pellsr
1261 3428 1314 3499 99).
1324 3457 1351 3468 -

192 3569 270 3637 435
286 3608 327 3616 —
343 3571 493 3648 (Badius
513 3571 721 3639 Ascensius.
740 3571 797 3651 -l
817 3571 1030 3636 Euchiridiom
1043 3571 1176 3656 pietalis
1196 3573 1383 3634 amulorum.

137 3665 146 3732 l
153 3655 306 3742 Collegit
319 3664 355 3720 et
366 3656 570 3742 recognovit
577 3657 716 3722 Jodoms
724 3657 855 3723 Badius
863 3658 1062 3740 Ascensius).
1076 3655 1227 3721 itomuli
1239 3655 1275 3719 in
1290 3656 1385 3721 lvol.

135 3743 282 3809 Parisiis
303 3743 367 3808 sub
387 3743 483 3830 prelo
502 3743 673 3808 Ascensii.
699 3754 791 3809 1521.
809 3751 922 3822 -(1b.:
942 3751 970 3806 S.
990 3752 1149 3820 Augustini
1167 3749 1385 3821 Meditationes,

137 3847 305 3918 Soliloquia
324 3853 354 3901 et
371 3847 590 3904 Manuale-S.
608 3847 743 3902 Anselmi
761 3847 970 3903 Meditstiones
989 3852 1020 3902 et
1037 3847 1217 3910 dilationem
1241 3845 1384 3900 Stimulos

137 3934 231 3989 divini
250 3936 374 3997 amorim
394 3933 602 3990 Meditstiones
615 3937 739 3991 animae.
750 3966 775 3976 —
785 3935 814 3990 S.
827 3935 966 3989 Bmmordr'
977 3935 1180 3989 Mediiotiomm.
1188 3963 1215 3974 -
1224 3933 1354 3988 'l'homae
1367 3949 1385 3988 a

137 4021 259 4092 Campis
276 4022 306 4092 (i)
323 4021 514 4093 soliloquium
533 4025 661 4088 animam
684 4022 721 4078 de
739 4039 810 4078 vera
828 4024 1054 4094 compunctione
1073 4019 1177 4076 cordis.
1190 4051 1217 4061 -
1228 4019 1384 4074 Varicrum

137 4113 297 4166 orationes.
311 4139 338 4150 -·
350 4109 455 4165 Passio
473 4109 594 4164 Domini
613 4116 644 4164 et
661 4109 776 4165 similia.
789 4139 814 4150 -
827 4109 978 4163 Stationes
996 4106 1078 4163 urbis
1096 4105 1257 4161 Romae·
1269 4105 1383 4160 Roseu-

137 4196 200 4251 thal
219 4195 314 4252 catal.
333 4196 377 4249 41.
394 4195 429 4250 N.
447 4195 571 4265 2998).-

189 4327 266 4396 436.
275 4368 318 4377 -
327 4331 376 4413 (S.
384 4329 603 4398 Bernartius.
612 4328 668 4412 -)
682 4327 794 4410 Opera.
805 4327 947 4394 Parisiis
961 4337 1053 4392 1521.
1063 4324 1384 4391 BertholdusBem·

135 4415 212 4482 bolt
226 4415 326 4502 impr.
339 4413 398 4481 fol.
409 4453 436 4463 -
450 4416 518 4502 (lta
531 4437 584 4502 ap.
596 4415 741 4482 Werdet
756 4415 820 4480 ΠΙ.
836 4428 863 4481 1.
875 4439 909 4503 p.
926 4424 966 4480 45
980 4453 1007 4463 -
1020 4414 1168 4480 fortasse
1181 4433 1295 4480 errore
1308 4411 1384 4498 typi

136 4526 200 4590 pro
217 4525 308 4569 enno
329 4503 475 4588 1527).-

189 4649 266 4720 437.
276 4691 317 4700 -
327 4652 375 4738 (S.
384 4653 602 4722 Bernardus.
612 4651 729 4718 Sermo.
739 4651 794 4736 —-)
807 4649 890 4716 Tit:
907 4651 1069 4717 Sermones
1081 4655 1109 4714 et
1120 4650 1205 4731 oom‘j
1218 4651 1386 4714 Trooiotos

135 4737 372 4821 Keiursperqij
390 4738 457 4803 iam
476 4761 597 4804 recens
620 4738 754 4803 excusi:
780 4760 925 4822 quorum
951 4736 1107 4801 Iudicem
1126 4758 1227 4800 versa
1248 4734 1384 4822 pagella

1195 4857 1229 4910 8ss
