3378 5284
842 408 994 506 jug

295 599 389 670 portis
406 595 582 668 Jerusalem,
601 597 703 652 Sermo
723 597 798 665 (coll.
812 597 988 670 750-76314).
1005 599 1041 654 In
1060 598 1215 656 Canticum
1232 599 1266 654 B.
1279 599 1409 671 Virginis
1425 597 1538 670 Mariae,

297 684 398 740 Sermo
424 683 500 757 (coll.
523 683 672 756 703-768).
698 684 800 740 Sermo
825 685 862 740 In
886 686 977 740 verba
997 685 1153 758 Evangelii
1177 686 1269 757 „Ecce
1293 702 1350 741 nos
1373 685 1539 756 reliquimus

297 773 411 826 omnia“
432 771 509 842 (coll.
529 771 680 844 708-769).
698 773 831 828 Humilia
848 775 877 828 in
900 773 974 829 illud
992 774 1135 830 Matthaei
1155 773 1202 828 13:
1221 772 1340 846 „Simile
1359 778 1407 828 est
1422 789 1539 843 regnum

297 857 447 913 coelorum
469 857 583 912 homini
605 859 801 929 negotiatori“
826 859 902 928 (coll.
926 861 1074 929 770-771).
1100 861 1203 916 Sermo
1229 863 1259 914 in
1283 857 1357 914 illud
1382 859 1538 914 llichaeae:

297 944 454 1016 „Indicabo
473 945 526 1000 tibi
545 962 562 1000 o
580 946 686 1000 homo“
707 945 772 1014 (col.
791 946 887 1018 77112).
906 947 996 1003 Liber
1013 949 1085 1018 (186)
1105 947 1325 1004 Sententiarum
1343 946 1420 1015 (coll.
1440 947 1489 1000 771
1507 946 1539 1000 sd

297 1029 368 1099 786).
386 1031 557 1104 Disputatio
574 1032 729 1104 cujusdem
741 1033 818 1104 justi
834 1049 900 1088 oum
915 1034 979 1090 Deo
996 1033 1238 1105 (1011786-787).
1257 1033 1455 1104 Soliloquium
1470 1033 1540 1106 (coll.

299 1118 448 1188 787-704).
477 1119 618 1174 Formula
641 1119 786 1176 honestae
811 1121 891 1176 vitae
916 1121 992 1188 (coll.
1018 1123 1165 1190 794-790).
1192 1122 1365 1178 Instructio.
1391 1121 1540 1188 Quomodo

298 1204 387 1260 homo
408 1208 506 1277 possit
528 1209 560 1260 in
585 1207 662 1262 bono
685 1208 836 1281 proficere,
859 1215 889 1264 et
910 1208 1026 1280 placere
1046 1209 1111 1265 Deo
1133 1209 1209 1274 (coll.
1232 1209 1382 1278 790-797).
1404 1208 1494 1264 Varia
1515 1215 1543 1263 et

297 1293 399 1348 brevia
415 1292 602 1350 Docvmenta
619 1297 667 1366 pie
685 1311 739 1350 seu
756 1297 895 1365 religiose
913 1296 1032 1352 vivendi
1051 1297 1127 1364 (coll.
1144 1295 1293 1365 797-709).
1311 1294 1429 1350 Arnulfi
1445 1313 1543 1350 mona·

298 1379 345 1435 chi
363 1381 399 1437 de
417 1380 531 1436 Boeriis
550 1381 621 1450 (ord.
640 1381 781 1450 cisterc).
801 1383 960 1454 Speculum
978 1383 1190 1439 monachorum
1209 1382 1285 1451 (coll.
1302 1381 1453 1452 799-800).
1471 1383 1544 1438 Item

298 1469 357 1524 alia
379 1467 557 1523 documenta
577 1471 657 1524 vitae
681 1470 838 1541 religiosae
862 1469 908 1536 (al.
928 1471 1071 1525 Doctrina
1093 1472 1121 1527 S.
1140 1470 1290 1540 Bernardi,
1311 1470 1377 1525 coll.
1397 1469 1543 1536 800-803).

299 1556 374 1612 Octo
398 1561 506 1627 puncta
528 1555 717 1626 perfectionis
738 1556 942 1628 assequendae
966 1557 1042 1620 (coll.
1064 1557 1212 1626 803-800).
1236 1557 1371 1629 Epistola
1392 1557 1543 1628 cujusdam

298 1642 335 1698 de
356 1642 491 1699 doctrina
511 1645 590 1698 vitae
614 1643 753 1713 agendae,
779 1661 833 1699 seu
854 1643 891 1698 de
914 1646 1057 1713 regimine
1078 1643 1182 1713 cordis,
1204 1646 1273 1714 oris,
1295 1649 1326 1698 et
1348 1646 1448 1715 operis
1470 1645 1543 1713 (coll.

299 1728 449 1796 806-808).
470 1728 653 1801 Opusculum
671 1733 701 1784 in
719 1731 793 1786 haec
810 1731 913 1786 verba:
933 1731 996 1802 „Ad
1015 1731 1085 1802 quid
1103 1731 1250 1787 venisti“?
1269 1731 1346 1802 (coll.
1365 1731 1542 1801 tos-slsis).

298 1815 388 1871 Liber
409 1817 445 1872 de
466 1815 556 1872 Modo
578 1817 653 1872 bene
675 1817 793 1873 vivendi
814 1817 852 1872 sd
871 1817 1008 1874 Sororem
1029 1817 1106 1888 (coll.
1126 1818 1276 1888 815-890).
1299 1818 1426 1873 Carmen
1446 1836 1542 1890 parae-

298 1904 428 1958 neticum
455 1902 492 1958 ad
516 1902 692 1958 Rainaldum
722 1904 798 1974 (coll.
824 1904 974 1974 891-896).
1000 1905 1149 1976 Rythmus
1178 1905 1214 1960 de
1239 1904 1419 1977 contemptu
1446 1905 1542 1959 mundi

299 1989 376 2056 (coll.
396 1989 547 2054 806-807),
566 1990 638 2062 „Dic
655 1990 744 2044 homo
764 2007 816 2046 our
833 1991 981 2047 abuteris“
1001 1999 1055 2049 etc.
1076 1992 1140 2060 (col.
1160 1992 1259 2063 89718).
1282 1993 1401 2048 Jubilvs
1424 1993 1542 2065 rythmi·

299 2095 374 2148 evm,
392 2075 429 2132 de
446 2077 570 2131 Nomine
586 2077 660 2132 Jesu
679 2077 754 2144 (coll.
770 2078 920 2147 897-899).
939 2078 1098 2151 Rythmica
1115 2081 1209 2134 oratio
1229 2079 1267 2134 ad
1285 2079 1544 2150 unumquodlibet

298 2165 496 2220 membrorum
516 2163 626 2220 Christi
645 2167 792 2236 patientis,
812 2169 843 2220 et
860 2183 878 2220 a
896 2183 981 2220 cruce
1000 2165 1157 2236 pendentis
1176 2167 1253 2229 (coll.
1271 2165 1422 2234 900-903).
1446 2167 1543 2221 Oratio

300 2253 409 2308 devota
429 2253 466 2308 ad
486 2252 647 2306 Dominum
667 2253 781 2323 Jesurn,
807 2258 837 2308 et
858 2253 890 2308 B.
912 2253 1035 2307 Mariam
1060 2259 1185 2308 matrem
1211 2253 1277 2324 ejus
1299 2253 1375 2320 [coll.
1397 2252 1543 2320 903-004).

300 2340 395 2395 Prosa
413 2340 449 2395 de
467 2339 624 2394 nativitate
641 2340 759 2394 Domini
779 2339 844 2406 (col.
863 2340 969 2400 904).-

354 2427 511 2501 Appendix
524 2445 579 2482 seu
594 2429 693 2482 Tamus
709 2429 763 2483 VI:
776 2428 983 2500 complectens
997 2429 1154 2484 Sermones
1166 2429 1299 2483 Guerrici
1311 2428 1437 2484 Abbatis
1450 2427 1541 2498 Ignis·

300 2519 397 2572 censis
408 2516 445 2582 (S.
456 2514 598 2571 Bernardi
607 2515 766 2586 discipuli);
782 2517 926 2586 Guigonis
937 2516 1091 2572 Certusiae
1100 2518 1222 2588 majoris
1232 2517 1342 2570 Prioris
1352 2516 1449 2586 quinti
1461 2532 1543 2586 quas·

300 2603 367 2658 dam
381 2603 523 2675 epistolas
531 2625 537 2667 ;
557 2620 682 2659 necnon
697 2605 795 2658 varios
808 2605 962 2676 Auctores,
976 2607 1025 2675 qui
1038 2604 1075 2660 de
1088 2605 1185 2660 Sancti
1200 2603 1341 2658 Bernardi
1353 2603 1443 2658 rebus
1455 2605 1544 2673 gestis
1665 2603 1666 2608 ’

218 2723 221 2728 ·
300 2690 669 2763 scripserunt-(iuerrici
685 2691 756 2758 (LV)
773 2691 930 2747 Sermones
949 2710 1128 2764 perannum
1148 2692 1212 2760 (col.
1231 2691 1396 2758 009-1040).
1416 2690 1451 2744 In
1470 2692 1543 2745 i'esto
1665 2731 1666 2742 .

218 2777 222 2784 ’
299 2779 409 2834 Beatae
427 2781 537 2835 Mariae
555 2777 754 2847 Magdaleuee.
774 2777 1544 2846 SermoNicolaiClarae-vallensis(ool.1046—1050).
1665 2799 1666 2828 3

301 2864 444 2937 Guigonis
463 2864 614 2936 Epistulae
634 2865 776 2936 quaedam
790 2865 856 2931 (1v;
876 2866 929 2922 col.
945 2866 1126 2935 1051-1050),
1145 2867 1173 2922 S.
1191 2864 1333 2920 Bernardi
1351 2865 1421 2920 Vita
1439 2871 1470 2918 et
1487 2863 1543 2918 Res
1665 2897 1666 2902 κ

300 2957 402 3022 gestae
421 2951 503 3006 libris
522 2957 635 3021 septem
655 2951 891 3022 comprehensae.
912 2953 999 3006 Liber
1016 2955 1136 3024 primus.
1156 2955 1286 3008 Auctore
1299 2951 1459 3008 Guillelruo
1478 2950 1544 3004 olim

301 3039 329 3095 S.
348 3037 521 3094 Theoderici
546 3054 636 3110 prope
655 3038 765 3093 Remos
789 3039 904 3110 abbate,
930 3032 1000 3094 tun'c
1025 3041 1170 3095 monacho
1188 3040 1369 3112 Signiacensi
1394 3039 1460 3108 (col.
1482 3037 1542 3092 1061

300 3125 338 3181 ad
358 3125 445 3196 1090).
469 3126 559 3181 Liber
582 3125 738 3196 secundus,
763 3129 893 3182 Auctore
912 3127 1040 3182 Ernaldo
1066 3127 1172 3182 abbate
1190 3127 1291 3182 Bonae
1299 3127 1405 3182 -Vallis
1428 3129 1459 3180 in
1477 3142 1544 3194 agro

302 3214 478 3271 Oaruotensi
506 3214 571 3279 (col.
599 3212 809 3283 1091-1115st).
837 3213 926 3268 Liber
949 3217 1055 3268 tertius
1079 3215 1209 3269 Auctore
1234 3213 1377 3268 Gaufrido
1402 3211 1544 3268 monacho
1665 3235 1666 3240 ¹

302 3301 450 3374 quondam
469 3300 728 3370 Clarae-Vallensi‚
748 3306 778 3355 et
796 3300 824 3356 S.
842 3301 985 3356 Bernardi
1002 3304 1127 3370 notarie,
1146 3307 1252 3374 postea
1269 3301 1375 3356 abbate
1394 3301 1459 3366 (col.
1483 3300 1544 3354 1115
1665 3313 1666 3320 ¹

301 3389 339 3445 ad
359 3388 489 3458 1129130).
509 3389 597 3443 Liber
615 3395 738 3459 quartus
757 3388 872 3455 (eodem
891 3395 1025 3452 auctore;
1045 3389 1101 3447 col.
1116 3387 1342 3456 1109-1149150).
1361 3387 1450 3442 Liber
1464 3389 1543 3458 quin·

301 3485 350 3532 tus
376 3477 491 3545 (eodem
515 3481 648 3540 auctore;
675 3475 729 3530 ool.
753 3476 935 3541 1149-1162).
961 3476 1050 3531 Liber
1067 3483 1180 3532 sextus.
1206 3475 1263 3530 Seu
1283 3475 1424 3529 Miracula
1448 3481 1544 3546 partes
1665 3457 1666 3478 ¹

300 3583 353 3638 per
365 3565 560 3634 Germaniam,
573 3562 716 3633 Belgium,
730 3561 914 3634 Galliamque
926 3569 1049 3635 patrata,
1067 3581 1144 3618 anno
1155 3561 1316 3632 MCXLVI,
1333 3564 1362 3616 in
1376 3569 1438 3616 tres
1451 3561 1544 3618 distri·

301 3653 374 3708 buta
386 3653 450 3720 (ool.
465 3652 550 3719 1005).
568 3651 642 3705 Pars
655 3651 677 3704 I.
691 3652 820 3705 Auctore
834 3650 969 3722 Philippo
983 3651 1126 3704 monacho
1140 3649 1383 3706 Clarae-vallensi
1402 3649 1466 3712 (col.
1482 3649 1543 3704 1167

301 3739 339 3796 ad
364 3739 451 3806 1175).
475 3739 548 3794 Pars
567 3737 606 3792 II.
629 3737 764 3808 Epistola
788 3738 999 3792 Monachorum
1024 3736 1331 3792 Clarae-vallensium
1354 3741 1386 3791 et
1409 3737 1544 3790 comitum

302 3829 330 3885 S.
350 3827 491 3883 Bernardi
516 3825 553 3881 ad
573 3825 703 3880 Clericos
730 3825 871 3879 ecclesiae
891 3825 1077 3880 coloniensis
1101 3824 1165 3888 (col.
1193 3823 1374 3886 1175-1181).
1400 3824 1474 3878 Pars
1492 3823 1544 3878 ΙΙΙ.

302 3919 432 3971 Auctore
451 3912 593 3970 (lanfrido
612 3911 756 3966 monacho
776 3911 1019 3967 Clarae-vallensi
1038 3911 1102 3976 (col.
1124 3910 1333 3979 1181-119516).
1352 3909 1441 3965 Liber
1459 3910 1545 3980 septi·

302 4019 377 4057 mus.
396 4001 562 4072 Excerptus
581 4017 617 4054 ex
635 3999 710 4053 libro
730 4001 777 4053 cui
795 3999 900 4053 titulus
920 3997 1097 4068 „Exordium
1115 3997 1256 4067 Magnum
1274 3997 1488 4052 cisterciense“
1507 3995 1545 4050 di·

303 4089 461 4145 stinctione
480 4087 610 4143 secunda
628 4086 691 4154 (col.
707 4086 888 4154 nse-1224).
907 4087 1085 4155 Fragmenta
1103 4102 1139 4140 ex
1155 4084 1293 4138 Herberti
1311 4083 1393 4139 libris
1411 4083 1546 4138 (1011111-
1665 4085 1666 4108 ¹

305 4175 379 4231 culis
398 4175 640 4232 cisterciensium
657 4172 869 4227 monachorum
894 4173 958 4240 (col.
980 4171 1161 4239 late-1232).
1189 4169 1326 4226 Secunda
1344 4169 1412 4225 Vita
1431 4171 1461 4226 S.
1479 4171 1545 4226 Ber·
1665 4187 1666 4196 ¹

304 4261 389 4319 nardi
407 4262 532 4333 abbatis,
550 4266 670 4316 auctore
690 4277 744 4315 seu
763 4261 954 4332 compilatore
972 4259 1076 4330 Alano,
1095 4259 1243 4331 quondam
1261 4261 1400 4330 episcopo
1418 4258 1546 4312 Antisio·

303 4349 424 4406 durensi
449 4348 514 4417 (ool.
542 4348 723 4418 laet-1274).
749 4349 776 4403 S.
795 4347 937 4403 Bernardi
962 4347 1159 4419 Epitaphium
1184 4349 1314 4402 Auctore
1332 4345 1447 4400 Adamo
1466 4344 1502 4401 de
1521 4344 1547 4400 S.

303 4437 425 4492 Victore
451 4436 515 4502 (col.
541 4436 627 4503 1274).
652 4436 832 4504 Fragments
856 4453 892 4490 ex
916 4436 1016 4512 'Partis
1033 4435 1103 4491 Vita
1126 4435 1154 4490 S.
1178 4432 1328 4490 Bernardi.
1352 4433 1493 4504 Auctore,
1518 4437 1549 4486 ut

305 4524 431 4593 videtur,
449 4523 592 4579 (lanfrido
610 4523 756 4578 Monecho
776 4522 1018 4578 Clarae-vallensi
1038 4520 1103 4588 (col.
1125 4519 1334 4588 1275-127718).
1351 4520 1421 4575 Vita
1440 4520 1550 4587 Quarta

304 4612 332 4667 S.
355 4609 498 4667 Bernardi
522 4610 637 4665 abbatis
662 4609 777 4664 duobus
802 4608 884 4664 libris
909 4610 1020 4679 scripta
1042 4625 1061 4662 a
1083 4607 1221 4664 Johaune
1243 4607 1374 4662 Eremita
1397 4607 1548 4674 (1011077

304 4697 340 4752 aa
366 4697 477 4768 rursu).
506 4697 654 4754 Philothei
682 4693 817 4752 Monaesi
844 4695 881 4751 <10
904 4697 975 4752 via
999 4700 1030 4751 a
1052 4695 1186 4752 Moesus
1213 4695 1242 4751 e.
1265 4692 1407 4750 seman
1436 4693 1548 4751 aereas
