3352 5280
665 427 818 526 „³2

117 641 138 682 e
156 616 262 682 titulo
274 618 378 682 rubro
392 617 507 683 colore
520 617 706 704 impresso:
722 616 886 682 Andreae
900 613 1036 681 Guterii
1049 613 1219 680 cerasiani
1230 609 1366 702 paucis·

113 703 199 769 simi
219 704 364 770 sudores
381 703 418 770 in
437 705 576 770 leudem
592 713 732 770 nostrae
748 703 909 770 dominae
924 701 989 767 filii
1003 701 1071 766 Dei
1087 701 1274 788 genetricis
1297 702 1366 767 uir-

113 791 211 876 ginis
226 790 355 856 mariae
370 799 405 856 et
419 789 670 858 libentissimee
683 799 719 856 et
758 790 910 855 iissimae
927 788 1088 855 dedicati.
1112 791 1154 854 ln
1171 789 1282 854 calce:
1298 791 1366 854 Im-

140 901 276 944 ressum
291 877 450 944 Venetiis
467 900 557 944 anno
574 879 611 944 M
624 927 631 944 .
645 815 970 945 cccbnxxxxi.
988 875 1045 941 die
1068 876 1239 962 trigesimo
1261 876 1366 942 tertio

155 963 253 1030 arcii.
269 965 381 1030 Finis.
394 1003 421 1013 -

169 1071 208 1121 4⁰.
223 1067 280 1139 (De
292 1068 428 1124 Lictoriis
440 1068 464 1122 I.
479 1067 549 1138 365).
562 1098 590 1108 -

170 1153 252 1208 Nota
264 1157 293 1208 l:
312 1154 374 1210 scil.
387 1153 424 1209 de
442 1161 613 1226 contemptu
631 1153 741 1208 mundi.
763 1154 809 1208 Ex
826 1153 913 1208 dictis
931 1153 997 1208 libri
1014 1153 1148 1224 partibus
1167 1151 1301 1222 efficitur,
1319 1154 1367 1224 agi

116 1237 154 1293 de
175 1237 306 1296 editione
325 1241 422 1296 Veneto
434 1243 604 1311 „Auctorem
619 1241 701 1296 cctr‘
720 1239 795 1308 (Vid.
809 1241 843 1294 N.
860 1241 919 1312 79),
939 1240 1023 1311 cujus
1040 1238 1120 1294 eliud
1134 1241 1293 1310 vestigium
1308 1256 1369 1293 non

117 1344 294 1398 reperimus.
308 1359 334 1369 -

175 1441 500 1528 127.-(r10r0tus
523 1443 659 1524 alioque.
674 1443 729 1527 -)
754 1443 905 1506 Auctoris
924 1444 989 1505 octo
1009 1439 1227 1504 continentes
1248 1438 1368 1505 libros.

117 1527 299 1594 Videlicet
319 1529 511 1595 Gethonem
547 1527 700 1594 facetum
729 1528 948 1593 Theodulum
984 1525 1034 1592 De
1053 1532 1227 1610 contemptu
1245 1527 1368 1592 mandi.

118 1616 284 1681 l'toretum
317 1617 466 1681 Alanum
482 1616 524 1680 de
540 1615 714 1702 parabolis
744 1614 895 1679 Fabulae
912 1612 1008 1700 esopi
1038 1613 1219 1679 l'hobiem.
1236 1613 1278 1700 (F
1290 1623 1369 1679 lvo:

120 1703 292 1783 „Focaudi
304 1705 436 1769 monteri
448 1703 484 1768 in
494 1702 653 1768 cathonis
665 1702 821 1767 libellum
834 1701 1082 1788 epigramma“;
1096 1699 1262 1766 Foucaud
1272 1699 1370 1766 Mon-

118 1789 199 1854 nier
217 1799 271 1855 est
291 1812 417 1857 nomen
438 1789 605 1876 editoris).
619 1829 645 1836 -
660 1790 715 1877 (ln
734 1790 834 1873 finez)
854 1787 954 1852 Felix
973 1787 1171 1853 libellorum
1189 1785 1268 1853 finis
1284 1808 1371 1872 quos

119 1883 268 1944 auctores
284 1879 389 1963 vulgo
407 1901 450 1964 ap
477 1877 584 1942 allant
600 1883 832 1942 correctorum
848 1874 1164 1962 impressorumque
1181 1874 1372 1961 engolismo

120 1963 179 2027 die
197 1985 257 2029 xvi
259 1985 285 2054 J.
301 1964 429 2029 mensis
481 1963 537 2029 eii.
553 1965 655 2030 Anno
673 1961 804 2028 domini
820 1983 846 2027 m
857 2011 864 2026 .
875 1961 1119 2028 cccclxxxiii.
1134 2002 1160 2009 -

175 2067 208 2120 4⁰
220 2070 288 2120 min.
304 2068 353 2120 112
364 2069 393 2122 ff.
404 2087 431 2122 n.
444 2085 553 2123 numm.
563 2067 638 2122 2611.
648 2083 715 2120 cum
725 2069 798 2136 sign.
809 2065 852 2120 ch.
862 2065 942 2135 goth.
953 2067 1018 2120 sine
1027 2071 1088 2138 typ.
1099 2082 1176 2120 nom.
1188 2064 1264 2130 ised:
1275 2065 1373 2120 Pieria

121 2153 213 2208 Alain
230 2163 261 2208 et
274 2153 374 2209 Andre
387 2155 510 2210 Cauvin.
520 2155 675 2222 -Brunet,
690 2153 809 2208 Manucl
826 2152 840 2205 1
865 2151 923 2206 549.
933 2185 959 2192 -
968 2152 1047 2206 Hain
1060 2153 1093 2207 N.
1112 2153 1187 2206 1917.
1196 2151 1374 2206 -Hawkins

122 2241 164 2293 71.
175 2272 203 2282 -
213 2241 437 2313 ‘riserry-Poux
448 2243 482 2296 N.
497 2243 560 2306 me
574 2239 770 2296 Pl.xxxv1.
784 2240 931 2311 616).-

182 2354 307 2422 128-
321 2357 518 2442 (opuscula
536 2359 732 2443 complura.
745 2357 801 2440 —)
821 2355 850 2418 F
866 2365 900 2419 1:
920 2354 1051 2442 Incipit
1069 2361 1237 2420 tractatus
1257 2357 1295 2420 de
1314 2355 1375 2436 vij's

123 2445 188 2506 vile
208 2445 312 2508 sancti
332 2443 496 2508 Bernardi
517 2445 642 2510 abbatis
665 2443 918 2508 Claraiiallmisis
939 2441 1091 2508 doctoris
1113 2443 1241 2508 deuoti.
1266 2443 1374 2507 Notas
1453 2479 1461 2497 ·

122 2530 210 2592 mihi
225 2529 337 2594 fecisti
351 2531 425 2595 vias
435 2531 506 2596 vite
519 2533 623 2614 (etc).
637 2530 664 2592 F
679 2540 803 2594 105v0:
816 2529 1042 2616 Intiascripta
1054 2551 1159 2614 opera
1168 2529 1279 2594 sancti
1291 2529 1375 2594 Ber-

124 2617 224 2680 nardi
250 2615 401 2682 doctoris
425 2617 639 2684 deuotissimi
663 2615 798 2681 abbatis
822 2616 1079 2681 clerauallensis
1100 2615 1230 2682 ordinis
1251 2615 1376 2680 Cister-

126 2701 256 2766 ciensis
268 2705 489 2768 continentur
504 2705 540 2768 in
552 2704 618 2768 hoc
631 2702 760 2768 codice.
773 2727 796 2766 s.
806 2709 849 2763 De
860 2711 911 2776 aja
924 2711 982 2766 vite.
995 2710 1039 2764 De
1051 2711 1146 2764 ordine
1157 2711 1209 2764 vite
1220 2715 1251 2764 61
1262 2727 1378 2764 morum

126 2805 324 2860 institut-ione.
335 2806 378 2860 De
384 2808 517 2876 gradibus
525 2807 687 2861 humititatis
698 2813 723 2860 ei
731 2805 860 2875 asperbir.
870 2805 1002 2860 Libellus
1014 2806 1219 2860 meditationum
1228 2805 1261 2860 de
1272 2805 1379 2860 bomine

128 2895 271 2948 interiori:
283 2895 430 2965 quomodo
444 2913 476 2950 sc
492 2898 588 2966 ipsum
601 2901 773 2964 cognoscat:
786 2901 820 2948 ut
831 2895 918 2949 deum
932 2894 1030 2948 videat
1042 2899 1095 2948 eto.
1109 2893 1211 2949 Sermo
1224 2891 1379 2947 demutatio

128 2981 260 3036 humana.
273 2982 407 3038 Planctus·
419 2985 491 3038 16616
503 2983 594 3037 Maria
607 2983 720 3053 virgime
733 2983 764 3035 in
776 2987 871 3036 morto
884 2983 948 3036 siue
963 2983 993 3034 in
1009 2982 1148 3051 passione
1161 2979 1270 3033 domini
1284 2980 1379 3034 nostri

126 3065 145 3120 J
148 3083 202 3122 osu
217 3068 325 3124 christi.
341 3070 539 3138 t'ontenptotio
553 3069 585 3122 de
593 3069 722 3138 passim
735 3068 840 3122 domini
852 3067 941 3122 nostri
948 3067 1017 3121 «16661
1029 3066 1123 3120 christi
1138 3065 1299 3121 secundum
1312 3083 1378 3136 sep·

129 3160 188 3208 tem
204 3153 292 3210 horas
304 3159 460 3211 canonicos
474 3173 540 3211 cum
553 3158 641 3210 certis
654 3154 836 3209 orationibus
849 3172 938 3224 super
950 3160 1064 3223 septem
1074 3153 1185 3208 verbis:
1199 3171 1256 3224 quo
1266 3151 1380 3208 dixerat

129 3243 158 3294 in
177 3259 264 3296 cruce
282 3243 423 3313 pendens.
441 3244 572 3312 Epistola
590 3261 622 3297 aa
638 3260 758 3312 persona
774 3242 859 3312 Helyc
876 3242 1012 3296 monachi
1030 3243 1067 3296 ad
1085 3247 1231 3313 parentes.
1249 3241 1380 3310 Epistola

129 3329 166 3382 ad
173 3331 281 3398 fratrea
296 3331 329 3384 de
343 3336 433 3385 monte
445 3332 497 3384 dei.
514 3331 585 3394 (Sub
601 3331 657 3384 hoc
673 3328 794 3399 indico:)
810 3329 960 3400 impressa
971 3330 1085 3385 Mutine
1099 3347 1151 3401 per
1167 3334 1320 3399 expertum
1336 3329 1379 3383 vi·

130 3432 206 3468 rum.
219 3415 256 3472 li.
270 3417 457 3472 Dominicum
470 3417 652 3472 Richizolam
665 3419 751 3472 Anno
767 3417 872 3472 solutis
884 3423 987 3472 nostre
1000 3417 1080 3472 Mille
1090 3461 1096 3474 .
1107 3429 1182 3470 cccc
1192 3415 1306 3469 lixum
1316 3459 1322 3471 .
1333 3415 1381 3471 die

130 3520 203 3558 vero
211 3509 317 3558 octaua
325 3507 436 3560 mensis
444 3504 521 3574 Iulij.
529 3504 698 3574 Registrum
706 3521 766 3575 seq.
773 3507 841 3560 —t⁰.
852 3503 909 3574 105,
917 3504 1133 3575 (passim-uno
1140 3507 1264 3558 vacante
1270 3501 1381 3573 addito)

134 3591 182 3645 106
195 3591 223 3646 ff.
234 3591 279 3647 oh.
289 3591 368 3660 goth.
379 3591 472 3646 30-31
484 3591 514 3646 ll.
524 3609 591 3646 oum
604 3594 677 3662 sign.
688 3593 752 3646 sine
763 3597 836 3646 cust.
847 3596 877 3646 et
886 3609 933 3662 pp.
943 3609 970 3646 n.
978 3621 1005 3630 -

183 3679 319 3748 (Fossius
333 3677 387 3734 ΠΙ.
397 3679 558 3734 211-Η6111
571 3679 606 3732 N.
615 3680 808 3734 ‘lace-Hist.
821 3680 891 3734 Litt.
905 3677 941 3733 de
953 3679 983 3732 la
994 3679 1106 3733 Franco
1118 3677 1203 3732 Xlll.
1217 3675 1382 3730 2111218.-

132 3765 280 3820 llnittaire
292 3765 342 3821 lV.
355 3767 414 3830 537,
432 3771 462 3820 et
474 3765 603 3836 Oriundi,
624 3765 702 3838 Orig.
715 3765 742 3824 d.
759 3772 884 3837 stampe,
898 3767 957 3836 203,
971 3768 1020 3837 qui
1036 3783 1096 3819 non
1112 3767 1170 3820 nisi
1184 3764 1382 3834 fragmentum

132 3851 197 3907 libri
213 3851 352 3908 indicant.
362 3885 388 3892 -
398 3853 518 3924 Panem,
530 3855 606 3908 Anu.
620 3860 681 3925 typ.
695 3854 732 3908 ll.
749 3855 805 3908 119.
819 3853 853 3907 N.
870 3855 914 3917 18;
928 3852 977 3908 IV.
991 3852 1050 3908 366.
1063 3853 1098 3909 N.
1110 3852 1307 3922 18.-Poggio
1322 3849 1380 3906 113.

133 3940 165 3996 N.
180 3940 275 3994 102-
285 3941 449 3995 Rosenthal
470 3941 562 3997 Cetei
581 3941 623 3996 49.
642 3941 676 3998 N.
691 3943 750 3998 688.
763 3973 789 3982 -
802 3941 883 3995 Sola:
903 3943 946 3995 Le
962 3939 1088 3995 editioni
1103 3938 1255 3994 Modencsi
1271 3937 1380 3993 (16166-

133 4027 197 4082 colo
207 4027 265 4081 XV
276 4028 348 4100 [Atti
358 4026 542 4098 dell’Emilia,
554 4029 588 4082 N.
597 4029 658 4083 Ser.
668 4029 699 4082 V.
712 4037 795 4100 parte
804 4029 827 4084 Ι.
841 4029 908 4096 1791.
915 4061 941 4068 -
948 4027 1127 4097 Firsboschi,
1137 4026 1254 4082 Bibliot.
1264 4024 1382 4082 Moden.

135 4113 182 4171 lV.
196 4114 294 4170 371-
308 4115 362 4170 Vis.
380 4133 417 4170 ex
437 4115 567 4172 biblioth.
583 4116 671 4186 palat.
686 4117 818 4184 Monac).
828 4148 855 4156 -

186 4223 310 4291 1211-
322 4223 545 4309 opusculum
556 4225 600 4292 de
612 4225 717 4293 modo
730 4225 929 4292 confitendi
941 4228 978 4292 61
991 4223 1210 4309 poenitendi.
1222 4259 1265 4268 -
1281 4219 1382 4286 Golo-

136 4309 222 4394 niae,
240 4309 284 4374 H.
303 4311 475 4388 Quentell.
494 4320 587 4375 1491.
605 4310 737 4376 2211.-

185 4413 276 4482 (Note
287 4415 417 4468 incertae
427 4414 555 4483 originis.
569 4414 710 4469 Fortasse
720 4414 894 4484 opusculum
906 4411 979 4467 illud
990 4417 1106 4466 nonest
1117 4413 1175 4466 nisi
1186 4410 1383 4482 fragmentum

138 4499 257 4570 mjoris
271 4501 425 4571 cujusdam
439 4501 555 4572 operis).
565 4531 592 4540 -

191 4605 476 4694 130.-(Souter
490 4607 512 4673 i.
526 4631 555 4673 e.
567 4607 836 4691 Psalierium.-)
854 4607 910 4671 Fl
928 4605 1011 4670 Tit:
1034 4605 1132 4670 Sinte
1150 4605 1293 4670 lanaria
1312 4625 1382 4669 sou-

140 4695 182 4757 ter
198 4743 206 4759 .
224 4699 269 4759 tot
284 4716 375 4762 miser
390 4696 506 4760 timeor
522 4717 667 4760 wouwcn
682 4695 806 4760 Maria.
830 4693 924 4779 (Seq.
939 4693 1020 4758 icon
1036 4692 1196 4778 xylogr.).
1216 4691 1293 4755 F2:
1314 4690 1385 4756 Dat
