3362 5292
656 439 809 536 —419—

160 627 258 698 2235.
267 669 307 677 -
316 630 591 713 (S.Bernardus.
606 629 718 711 Opera.
727 629 784 714 -)
795 629 829 694 S.
839 627 1005 694 Bcrnordi
1017 627 1153 693 abbatie
1165 627 1268 716 primi
1279 629 1355 694 Ola-

103 715 361 782 rae·Valleusis
381 715 484 798 Opera
498 718 615 792 omnia,
637 724 822 782 accurante
836 715 870 781 J.
883 713 922 778 P.
934 713 1053 799 Migne
1073 715 1165 796 (Vid.
1181 715 1224 781 N.
1239 715 1353 801 2217).

102 803 280 868 Volumen
292 803 352 885 IV,
367 802 400 868 S.
413 802 583 868 Bernardi
600 803 751 900 Operum
767 801 957 868 tomumVI
974 802 1219 888 complectens.
1235 802 1355 869 Patro-

103 890 221 975 logiae
236 891 366 957 Cursus
382 889 546 976 completi
563 889 672 955 Serrei
689 890 734 972 Π,
751 897 865 955 tomus
879 887 1091 955 CLXXXV.
1107 889 1357 955 Excudebatur

104 985 143 1042 et
158 977 255 1043 venit
271 977 362 1064 apud
375 976 409 1043 J.
422 977 461 1041 P.
476 977 595 1060 Mipnc,
609 976 771 1043 Lutetiae
782 975 1005 1058 Parisiorum,
1025 985 1118 1041 1855.
1136 981 1182 1042 4⁰.
1199 986 1218 1041 2
1233 976 1310 1043 coll.
1321 1015 1355 1026 -

161 1071 309 1128 Contenta
321 1071 371 1126 IV.
385 1070 543 1126 volumine.
563 1069 669 1125 Aliena
685 1077 715 1125 et
729 1072 878 1126 variorum
893 1070 930 1125 de
943 1070 971 1124 S.
984 1068 1125 1124 Bernardi
1143 1072 1207 1125 vita
1225 1077 1255 1125 et
1266 1072 1355 1128 rebus

104 1160 203 1230 gestis
222 1157 467 1213 elucubrationes.

161 1245 304 1313 Guerrici,
317 1244 432 1300 abbatis
444 1244 636 1315 Igniaeeusis,
649 1243 785 1316 discipuli
798 1244 826 1300 S.
838 1243 991 1313 Bernerdi,
1003 1243 1160 1300 Sermones
1172 1261 1225 1315 per
1236 1263 1355 1318 annum,

104 1333 162 1388 col.
170 1333 195 1388 9.
203 1331 386 1388 Venerabilis
396 1331 549 1402 Guigonis,
558 1331 681 1402 Majoris
689 1331 863 1387 Carthusiae
875 1333 981 1403 prioris
991 1333 1093 1402 quinti,
1103 1331 1255 1402 Epistolae
1266 1350 1355 1403 quae·

104 1419 184 1488 dam,
203 1417 330 1474 661219.
349 1418 377 1473 S.
390 1417 532 1473 Bemardi
545 1417 615 1474 Vita
633 1422 663 1472 et
678 1417 740 1473 Res
756 1417 866 1474 Gestae
883 1417 966 1473 libris
985 1424 1099 1489 septem
1117 1418 1355 1492 comprehensae,

107 1506 164 1562 col.
183 1505 243 1560 221.
262 1507 332 1562 Aeta
350 1505 548 1560 Bollandiuna.
567 1503 612 1560 De
631 1504 659 1560 S.
678 1504 829 1560 Bernardo
848 1507 1078 1560 commentarius
1097 1509 1217 1560 auctore
1235 1505 1353 1560 Joanne

105 1593 197 1647 Picio
216 1593 245 1646 S.
263 1593 283 1647 J
286 1633 301 1662 .,
320 1591 374 1647 col.
394 1591 454 1646 613.
475 1591 661 1658 (1166616666
674 1593 748 1661 piae,
767 1599 899 1664 tempore
919 1593 947 1648 S.
965 1591 1109 1647 Bernardi
1127 1591 1352 1648 claravallensi·

105 1681 164 1735 bus
182 1680 287 1750 factae,
305 1681 335 1733 in
351 1679 461 1750 Mignei
480 1679 609 1735 editione
628 1685 771 1752 apparent
788 1679 972 1734 documentis
991 1685 1095 1734 666166
1111 1697 1130 1734 6
1144 1679 1180 1734 D.
1197 1679 1307 1734 11611166
1322 1681 1355 1735 616

105 1767 286 1834 1616166116,
306 1765 448 1838 661977).
467 1767 557 1821 Varia
573 1767 656 1822 libris
675 1767 781 1822 6166116
799 1773 824 1821 61
840 1767 920 1822 rebus
935 1767 1017 1836 666116
1036 1765 1064 1822 S.
1080 1767 1221 1821 Besara·
1236 1767 1353 1822 Addita-

106 1860 205 1922 menta,
220 1854 327 1924 quibus
343 1870 366 1908 6.
384 1853 504 1908 Ordinis
520 1852 726 1909 cisterciensis
742 1853 870 1923 exordia,
884 1871 979 1924 genus
996 1858 1026 1908 et
1040 1853 1135 1924 gloria
1149 1853 1309 1925 posthuma
1324 1856 1353 1910 S.

108 1941 259 2012 Bernardi,
276 1939 530 1996 claraevallenses
546 1939 818 2013 cisterciensesque
831 1942 1034 2012 Antiquitates
1049 1940 1244 1996 illustrantur.
1263 1943 1355 1998 11666·-

108 2029 186 2083 dium
198 2028 335 2098 11666666
348 2027 458 2084 ordinis
472 2027 686 2098 cisterciensis,
702 2029 757 2084 col.
771 2029 831 2084 993.
851 2029 880 2083 S.
893 2028 1034 2083 Bernardi
1047 2028 1141 2084 (16666
1152 2030 1257 2084 illustre
1268 2047 1353 2085 aseer·

106 2121 172 2170 16666.
191 2115 345 2171 Accedunt
363 2115 475 2172 Odonis
494 2116 531 2171 de
549 2115 675 2186 Diogilo,
693 2116 839 2171 Johannis
858 2115 1013 2185 Eremitae,
1035 2115 1355 2170 Herberti-'Purrium

106 2201 258 2258 Sardiniae
273 2202 493 2274 archiepiscopi,
512 2203 695 2274 aliorumque
711 2203 825 2274 aliquot
842 2204 1016 2273 scriptorum
1034 2202 1176 2274 opuscula
1191 2201 1355 2259 duodecimi

107 2296 178 2362 post
195 2289 345 2345 Christum
366 2288 475 2344 saeculi
494 2290 649 2345 historiam
668 2292 841 2361 spectantia,
860 2307 930 2345 cura
948 2295 979 2344 et
996 2289 1095 2345 studio
1114 2290 1193 2344 Petri
1209 2290 1355 2346 2166661661

108 2377 247 2446 Obe'sfletii
263 2377 291 2432 S.
304 2376 341 2447 J.‚
360 2375 414 2432 cel.
431 2376 506 2431 1199.
526 2376 554 2432 S.
570 2377 710 2432 Bernarde'
725 2377 815 2446 616616
832 2377 977 2444 posthum
994 2376 1169 2446 amplificata.
1188 2377 1218 2432 S.
1233 2378 1353 2432 3666666-

105 2465 160 2518 due
173 2463 293 2518 doctoris
305 2465 386 2518 titulo
399 2465 550 2531 decoratus,
563 2463 617 2519 col.
634 2463 709 2518 1543.
728 2464 911 2518 Monemmta
923 2479 976 2518 sac.
992 2463 1217 2520 016666661166616
1228 2465 1352 2520 abbatiae

104 2551 310 2620 611161166116
329 2557 497 2606 sauctorum
516 2558 546 2607 et
562 2553 691 2607 virorum
708 2551 869 2606 illustrium
885 2553 935 2622 qui
951 2551 1059 2606 ibidem
1074 2551 1184 2623 sepulti
1203 2557 1281 2612 suut,
1299 2554 1353 2608 col.

106 2639 183 2694 1549.
202 2639 345 2706 1116166611,
361 2640 497 2694 monachi
513 2639 548 2694 de
565 2639 753 2694 Grandisilva
769 2638 828 2692 ord.
846 2638 927 2708 cist,
944 2638 1069 2694 Carmen
1085 2638 1121 2692 de
1136 2637 1238 2694 Laude
1255 2638 1353 2695 Clare·

105 2725 195 2781 vallie
215 2731 245 2780 et
263 2726 298 2780 de
316 2727 457 2797 religiosa
473 2726 583 2782 ibidem
600 2726 764 2798 disciplina,
783 2726 837 2780 col.
860 2724 934 2780 1593.
953 2725 1109 2794 Deecnptio
1127 2726 1236 2780 11166616
1255 2725 1354 2781 Cister-

105 2815 213 2880 6166616,
235 2814 314 2884 quod
335 2813 372 2868 ad
394 2815 514 2868 comitia
535 2814 685 2884 generalia
706 2813 839 2884 ejusdem
862 2829 884 2866 6.
908 2812 1018 2868 ordinis
1038 2812 1209 2868 faventibus
1232 2813 1352 2884 Superis

102 2901 231 2956 feliciter
254 2900 403 2973 expedivit
424 2901 459 2956 F.
476 2901 580 2970 Josept
598 2902 759 2970 1166116666,
785 2898 941 2971 religiosus
963 2899 995 2954 B.
1016 2899 1054 2955 M.
1076 2899 1113 2954 de
1135 2899 1352 2970 Maris-Stella,

104 2989 197 3059 vulgo
217 2988 397 3059 Wettingen,
418 3005 521 3043 mense
539 2988 617 3042 Maio
637 3005 662 3042 6.
684 2987 832 3058 1667,661.
853 2987 928 3043 1565.
952 2987 1129 3056 0666161166
1146 2988 1353 3043 (1616616666

103 3082 129 3131 61
147 3077 306 3144 sepultura,
332 3077 381 3146 qui
404 3077 564 3130 existaient
586 3075 824 3129 6616616161666
846 3073 1176 3146 1616666660116666,
1200 3073 1254 3129 col.
1276 3074 1351 3130 1621.

103 3163 183 3218 Note
202 3179 255 3217 sur
272 3162 584 3228 FonIaInee-lee-Dijcn,
602 3163 697 3233 patrie
716 3161 751 3215 de
771 3162 798 3218 S.
817 3161 957 3232 Bemard,
976 3177 1028 3216 eur
1046 3162 1197 3230 apamea
1211 3162 1351 3217 61616611-

105 3253 177 3316 16666,
196 3248 285 3304 etabli
304 3251 446 3303 autreibis
463 3249 536 3304 dans
555 3248 583 3302 le
602 3249 727 3303 61691666
742 3247 778 3302 de
797 3265 851 3302 son
870 3247 948 3319 pere,
968 3253 1065 3302 atsur
1083 3249 1110 3301 16
1128 3249 1258 3316 chambre,
1277 3249 1352 3303 6111

102 3335 170 3390 esau
187 3337 229 3402 ne,
249 3333 382 3389 devenue
401 3334 429 3389 16
447 3334 1039 3406 6666166166(161*661166166166111666,
1059 3334 1113 3388 col.
1134 3333 1208 3391 1633.
1227 3335 1352 3390 16116661

104 3422 145 3476 Μ.
167 3422 190 3474 16
209 3428 291 3476 comte
309 3422 342 3474 de
358 3423 565 3476 Moatalembert
582 3423 810 3492 66616666116666
825 3424 858 3476 de
874 3421 903 3477 S.
920 3421 1048 3476 Bemord
1066 3427 1091 3476 61
1109 3421 1142 3476 de
1158 3421 1187 3476 S.
1204 3423 1351 3489 Malecbie,

102 3516 127 3564 61
144 3526 194 3563 sur
212 3510 236 3563 16
250 3510 367 3577 premier
381 3509 568 3577 empiecement
586 3510 619 3564 de
636 3511 794 3576 Glaireeuc,
812 3527 866 3581 666
883 3509 935 3563 Ρ1.
954 3509 1108 3578 961666νά,
1128 3509 1181 3566 col.
1204 3509 1278 3565 1961.
1298 3509 1351 3579 (Ib.

102 3596 164 3650 III:
189 3596 339 3652 0661111661
359 3595 396 3650 de
416 3595 607 3650 1111666661
628 3601 799 3652 6666161661
820 3596 1034 3652 1661166116111
1056 3595 1095 3649 du
1116 3597 1180 3665 ebes
1195 3597 1228 3650 de
1247 3613 1268 3650 6.
1286 3597 1353 3651 Ber·

101 3684 184 3750 nard,
210 3683 263 3738 col.
285 3683 366 3747 1715;
387 3683 443 3737 VI:
468 3685 651 3738 Attestation
677 3683 763 3738 d¹une
784 3685 885 3753 6611666
906 3683 938 3738 de
958 3700 980 3739 s.
1001 3683 1129 3736 Bernard
1149 3683 1263 3737 donnes
1285 3701 1303 3738 6
1323 3683 1353 3738 la

101 3773 193 3840 reine,
217 3770 272 3826 col.
292 3769 375 3836 1724,·
397 3769 468 3824 VII:
490 3769 577 3824 Sacra
599 3769 1171 3838 16666666.Β66666611616.Μ61661166,
1196 3770 1250 3825 col.
1271 3771 1352 3835 17253

101 3857 207 3914 XVII:
225 3857 355 3913 Eximite
372 3857 418 3911 der
434 3857 597 3913 1666616166
614 3859 647 3912 de
666 3858 822 3924 0161666666,
840 3857 948 3926 relat'ss
964 3873 983 3910 6
999 3873 1020 3911 e.
1034 3857 1162 3911 Bmtcrd
1179 3863 1204 3911 61
1220 3858 1238 3910 ὰ
1256 3875 1277 3912 6.
1289 3857 1352 3911 Mc·

102 3947 210 4014 166116).
229 3944 412 4000 Documeuts
430 3961 483 4000 sur
503 3962 542 3998 66
560 3961 660 4015 666666
681 3945 713 3998 de
732 3962 753 3998 6.
772 3944 899 3999 Bernard
919 3960 953 3997 en
970 3943 1109 3998 Flendres
1130 3949 1160 3998 et
1180 3944 1208 3999 le
1229 3945 1299 3999 66116
1320 3945 1352 3998 de

102 4031 289 4087 Nom-Deme
301 4031 484 4101 d’Asfliqbem,
499 4031 647 4086 recueillis
663 4049 716 4102 par
730 4031 759 4085 le
775 4031 810 4086 R.
823 4030 854 4086 P.
868 4030 945 4084 Dom
958 4029 1040 4084 Pera
1056 4029 1089 4085 Ο.
1104 4030 1132 4085 S.
1146 4029 1188 4100 B,
1207 4029 1260 4085 661.
1276 4031 1351 4085 1797.

100 4104 217 4176 Studes
236 4135 289 4174 sur
301 4117 444 4174 l’histoire
461 4117 499 4172 du
516 4118 607 4173 XIIIe
628 4117 724 4174 siecle.
743 4118 929 4174 Recherches
947 4135 999 4173 eur
1016 4120 1044 4172 16
1057 4123 1124 4188 pari
1139 4133 1190 4186 666
1207 4116 1304 4172 l'ordre
1319 4117 1353 4172 de

103 4209 271 4264 06666661
291 4206 320 4262 le
339 4213 436 4262 comte
454 4206 490 4261 de
507 4206 635 4262 Plandre
655 4209 768 4278 prirent
789 4208 807 4260 ὰ
826 4207 853 4260 16
872 4206 994 4261 1666666
1012 4207 1150 4276 Bonisace
1173 4206 1251 4260 VIII
1267 4211 1297 4260 et
1315 4206 1351 4260 de

99 4295 239 4366 Philippa
255 4294 284 4350 le
301 4294 365 4364 Bel,
383 4312 437 4366 par
454 4293 565 4364 Keroya
583 4295 615 4350 de
633 4295 801 4363 2611611666,
819 4294 873 4350 661.
895 4293 969 4350 1893.
989 4292 1106 4349 Indices
1127 4293 1201 4350 1921.
1212 4323 1240 4334 -

157 4375 268 4460 (Quae
284 4373 545 4456 Additamenta,
567 4396 646 4440 cum
660 4396 716 4440 res
731 4374 857 4461 partim
872 4380 953 4439 ante
968 4373 1128 4458 ineditas,
1149 4372 1276 4460 partim
1289 4395 1352 4459 per

98 4461 211 4528 libros
227 4460 332 4527 hodie
346 4460 541 4526 rarissimos
558 4461 731 4548 dispersas
748 4461 1033 4547 complectantur,
1049 4468 1264 4548 postremum
1278 4459 1349 4525 edi-

99 4547 210 4615 tionis
221 4547 429 4634 Migneanae
442 4549 607 4614 volumen
621 4571 702 4614 vere
715 4547 907 4635 pretiosum
923 4547 1079 4614 efficiunt
1095 4556 1199 4632 atque
1210 4547 1253 4613 D.
1266 4547 1351 4612 Ber-

99 4635 202 4700 nardi
220 4634 413 4702 cultoribus
428 4634 599 4700 instanter
615 4634 881 4722 commendant).
893 4673 928 4684 -

1141 4827 1193 4879 27*
