<?xml version="1.0" encoding="UTF-8"?>
<!DOCTYPE html PUBLIC "-//W3C//DTD XHTML 1.0 Transitional//EN"
    "http://www.w3.org/TR/xhtml1/DTD/xhtml1-transitional.dtd">
<html xmlns="http://www.w3.org/1999/xhtml" xml:lang="en" lang="en">
 <head>
  <title>
</title>
<meta http-equiv="Content-Type" content="text/html;charset=utf-8" />
  <meta name='ocr-system' content='tesseract 3.04.00' />
  <meta name='ocr-capabilities' content='ocr_page ocr_carea ocr_par ocr_line ocrx_word'/>
</head>
<body>
  <div class='ocr_page' id='page_1' title='image "./bibliographiabe01janagoog_0041.png"; bbox 0 0 3352 5280; ppageno 0'>
   <div class='ocr_carea' id='block_1_1' title="bbox 806 426 958 528">
    <p class='ocr_par' dir='ltr' id='par_1_1' title="bbox 806 426 958 528">
     <span class='ocr_line' id='line_1_1' title="bbox 806 426 958 528; baseline 0.013 -2"><span class='ocrx_word' id='word_1_1' title='bbox 806 426 958 528; x_wconf 60' lang='grc' dir='ltr'>ΞΧΞῙ,</span> 
     </span>
    </p>
   </div>
   <div class='ocr_carea' id='block_1_2' title="bbox 255 617 1537 3136">
    <p class='ocr_par' dir='ltr' id='par_1_2' title="bbox 255 617 1537 2267">
     <span class='ocr_line' id='line_1_2' title="bbox 260 617 1502 718; baseline 0.001 -35"><span class='ocrx_word' id='word_1_2' title='bbox 260 618 412 684; x_wconf 89' lang='lat' dir='ltr'>edendos</span> <span class='ocrx_word' id='word_1_3' title='bbox 436 618 571 685; x_wconf 90' lang='lat' dir='ltr'>collatis</span> <span class='ocrx_word' id='word_1_4' title='bbox 594 617 828 684; x_wconf 74' lang='lat' dir='ltr'><strong>intelleximus</strong></span> <span class='ocrx_word' id='word_1_5' title='bbox 846 658 872 668; x_wconf 97' lang='lat'><strong>—</strong></span> <span class='ocrx_word' id='word_1_6' title='bbox 892 618 1116 718; x_wconf 81' lang='lat' dir='ltr'>corrigendus</span> <span class='ocrx_word' id='word_1_7' title='bbox 1140 625 1202 700; x_wconf 89' lang='lat' dir='ltr'>est,</span> <span class='ocrx_word' id='word_1_8' title='bbox 1226 618 1286 682; x_wconf 90' lang='lat' dir='ltr'>sed</span> <span class='ocrx_word' id='word_1_9' title='bbox 1310 617 1449 684; x_wconf 87' lang='lat' dir='ltr'>nonnisi</span> <span class='ocrx_word' id='word_1_10' title='bbox 1468 619 1502 684; x_wconf 91' lang='lat' dir='ltr'>in</span> 
     </span>
     <span class='ocr_line' id='line_1_3' title="bbox 255 704 1506 792; baseline 0.001 -22"><span class='ocrx_word' id='word_1_11' title='bbox 255 706 407 788; x_wconf 77' lang='lat' dir='ltr'>partibus</span> <span class='ocrx_word' id='word_1_12' title='bbox 427 708 583 788; x_wconf 66' lang='lat' dir='ltr'>penninas,</span> <span class='ocrx_word' id='word_1_13' title='bbox 607 727 696 791; x_wconf 90' lang='lat' dir='ltr'>quae</span> <span class='ocrx_word' id='word_1_14' title='bbox 720 705 855 771; x_wconf 89' lang='lat' dir='ltr'>cunctis</span> <span class='ocrx_word' id='word_1_15' title='bbox 878 705 1021 791; x_wconf 79' lang='lat' dir='ltr'>reliquls</span> <span class='ocrx_word' id='word_1_16' title='bbox 1045 704 1170 770; x_wconf 85' lang='lat' dir='ltr'>excisis</span> <span class='ocrx_word' id='word_1_17' title='bbox 1193 705 1288 770; x_wconf 90' lang='lat' dir='ltr'>solae</span> <span class='ocrx_word' id='word_1_18' title='bbox 1306 705 1506 792; x_wconf 88' lang='lat' dir='ltr'>impriman-</span> 
     </span>
     <span class='ocr_line' id='line_1_4' title="bbox 259 791 1508 878; baseline 0.001 -21"><span class='ocrx_word' id='word_1_19' title='bbox 259 799 325 858; x_wconf 87' lang='lat' dir='ltr'>tur.</span> <span class='ocrx_word' id='word_1_20' title='bbox 349 792 567 858; x_wconf 76' lang='lat' dir='ltr'>Introductio</span> <span class='ocrx_word' id='word_1_21' title='bbox 592 792 635 857; x_wconf 90' lang='lat' dir='ltr'>de</span> <span class='ocrx_word' id='word_1_22' title='bbox 657 813 769 858; x_wconf 91' lang='lat' dir='ltr'>novae</span> <span class='ocrx_word' id='word_1_23' title='bbox 793 791 955 860; x_wconf 75' lang='lat' dir='ltr'>editionis</span> <span class='ocrx_word' id='word_1_24' title='bbox 982 792 1116 878; x_wconf 90' lang='lat' dir='ltr'>origine</span> <span class='ocrx_word' id='word_1_25' title='bbox 1139 798 1175 858; x_wconf 90' lang='lat' dir='ltr'>et</span> <span class='ocrx_word' id='word_1_26' title='bbox 1198 791 1354 876; x_wconf 90' lang='lat' dir='ltr'>consilio,</span> <span class='ocrx_word' id='word_1_27' title='bbox 1382 791 1508 858; x_wconf 90' lang='lat' dir='ltr'>disser-</span> 
     </span>
     <span class='ocr_line' id='line_1_5' title="bbox 260 879 1507 978; baseline 0.001 -34"><span class='ocrx_word' id='word_1_28' title='bbox 260 879 410 945; x_wconf 76' lang='lat' dir='ltr'>tationes</span> <span class='ocrx_word' id='word_1_29' title='bbox 435 879 476 944; x_wconf 92' lang='lat' dir='ltr'>de</span> <span class='ocrx_word' id='word_1_30' title='bbox 500 879 646 965; x_wconf 76' lang='lat' dir='ltr'>singuiis</span> <span class='ocrx_word' id='word_1_31' title='bbox 670 879 833 978; x_wconf 86' lang='lat' dir='ltr'>operibus</span> <span class='ocrx_word' id='word_1_32' title='bbox 857 879 930 947; x_wconf 88' lang='lat' dir='ltr'>sive</span> <span class='ocrx_word' id='word_1_33' title='bbox 954 879 1114 945; x_wconf 79' lang='lat' dir='ltr'>admissis</span> <span class='ocrx_word' id='word_1_34' title='bbox 1137 879 1210 944; x_wconf 89' lang='lat' dir='ltr'>sive</span> <span class='ocrx_word' id='word_1_35' title='bbox 1231 879 1377 962; x_wconf 88' lang='lat' dir='ltr'>omissis,</span> <span class='ocrx_word' id='word_1_36' title='bbox 1401 879 1507 946; x_wconf 90' lang='lat' dir='ltr'>adno-</span> 
     </span>
     <span class='ocr_line' id='line_1_6' title="bbox 262 965 1507 1054; baseline 0 -22"><span class='ocrx_word' id='word_1_37' title='bbox 262 966 414 1033; x_wconf 79' lang='lat' dir='ltr'>tationes</span> <span class='ocrx_word' id='word_1_38' title='bbox 444 966 487 1031; x_wconf 94' lang='lat' dir='ltr'>ad</span> <span class='ocrx_word' id='word_1_39' title='bbox 516 989 656 1032; x_wconf 89' lang='lat' dir='ltr'>sensum</span> <span class='ocrx_word' id='word_1_40' title='bbox 682 975 748 1032; x_wconf 90' lang='lat' dir='ltr'>r1te</span> <span class='ocrx_word' id='word_1_41' title='bbox 774 966 1040 1054; x_wconf 88' lang='lat' dir='ltr'>intelligendum</span> <span class='ocrx_word' id='word_1_42' title='bbox 1066 965 1215 1031; x_wconf 84' lang='lat' dir='ltr'>maxime</span> <span class='ocrx_word' id='word_1_43' title='bbox 1242 966 1456 1032; x_wconf 86' lang='lat' dir='ltr'>necessariae</span> <span class='ocrx_word' id='word_1_44' title='bbox 1471 1005 1507 1016; x_wconf 97' lang='lat'>-</span> 
     </span>
     <span class='ocr_line' id='line_1_7' title="bbox 260 1052 1507 1139; baseline 0.002 -21"><span class='ocrx_word' id='word_1_45' title='bbox 260 1053 416 1118; x_wconf 89' lang='lat' dir='ltr'>eruditae</span> <span class='ocrx_word' id='word_1_46' title='bbox 439 1053 500 1118; x_wconf 92' lang='lat' dir='ltr'>sed</span> <span class='ocrx_word' id='word_1_47' title='bbox 523 1054 646 1118; x_wconf 88' lang='lat' dir='ltr'>breves</span> <span class='ocrx_word' id='word_1_48' title='bbox 663 1091 690 1100; x_wconf 95' lang='lat'><em>—</em></span> <span class='ocrx_word' id='word_1_49' title='bbox 708 1061 743 1119; x_wconf 88' lang='lat' dir='ltr'>et</span> <span class='ocrx_word' id='word_1_50' title='bbox 764 1053 934 1120; x_wconf 90' lang='lat' dir='ltr'>lectiones</span> <span class='ocrx_word' id='word_1_51' title='bbox 956 1053 1131 1119; x_wconf 87' lang='lat' dir='ltr'>variantes</span> <span class='ocrx_word' id='word_1_52' title='bbox 1154 1052 1324 1139; x_wconf 87' lang='lat' dir='ltr'>gravioris</span> <span class='ocrx_word' id='word_1_53' title='bbox 1339 1054 1507 1120; x_wconf 80' lang='lat' dir='ltr'>momenti</span> 
     </span>
     <span class='ocr_line' id='line_1_8' title="bbox 258 1139 1507 1227; baseline 0 -23"><span class='ocrx_word' id='word_1_54' title='bbox 258 1139 296 1204; x_wconf 91' lang='lat' dir='ltr'>in</span> <span class='ocrx_word' id='word_1_55' title='bbox 311 1140 459 1226; x_wconf 90' lang='lat' dir='ltr'>primum</span> <span class='ocrx_word' id='word_1_56' title='bbox 475 1146 607 1205; x_wconf 91' lang='lat' dir='ltr'>tomum</span> <span class='ocrx_word' id='word_1_57' title='bbox 623 1139 858 1227; x_wconf 88' lang='lat' dir='ltr'>suscipiantur</span> <span class='ocrx_word' id='word_1_58' title='bbox 876 1140 1066 1226; x_wconf 89' lang='lat' dir='ltr'>harumque</span> <span class='ocrx_word' id='word_1_59' title='bbox 1086 1139 1220 1205; x_wconf 91' lang='lat' dir='ltr'>numeri</span> <span class='ocrx_word' id='word_1_60' title='bbox 1238 1139 1333 1226; x_wconf 80' lang='lat' dir='ltr'>typis</span> <span class='ocrx_word' id='word_1_61' title='bbox 1355 1139 1507 1204; x_wconf 90' lang='lat' dir='ltr'>minimis</span> 
     </span>
     <span class='ocr_line' id='line_1_9' title="bbox 260 1226 1508 1314; baseline -0.001 -22"><span class='ocrx_word' id='word_1_62' title='bbox 260 1226 414 1313; x_wconf 84' lang='lat' dir='ltr'>expressi</span> <span class='ocrx_word' id='word_1_63' title='bbox 436 1226 523 1293; x_wconf 85' lang='lat' dir='ltr'>locis</span> <span class='ocrx_word' id='word_1_64' title='bbox 540 1226 721 1292; x_wconf 89' lang='lat' dir='ltr'>destinatis</span> <span class='ocrx_word' id='word_1_65' title='bbox 738 1227 935 1314; x_wconf 89' lang='lat' dir='ltr'>apponendi</span> <span class='ocrx_word' id='word_1_66' title='bbox 952 1235 1034 1293; x_wconf 90' lang='lat' dir='ltr'>sunt</span> <span class='ocrx_word' id='word_1_67' title='bbox 1048 1227 1107 1310; x_wconf 90' lang='lat' dir='ltr'>ita,</span> <span class='ocrx_word' id='word_1_68' title='bbox 1130 1234 1171 1291; x_wconf 91' lang='lat' dir='ltr'>ut</span> <span class='ocrx_word' id='word_1_69' title='bbox 1185 1227 1333 1292; x_wconf 89' lang='lat' dir='ltr'>lectores</span> <span class='ocrx_word' id='word_1_70' title='bbox 1348 1247 1420 1292; x_wconf 90' lang='lat' dir='ltr'>non</span> <span class='ocrx_word' id='word_1_71' title='bbox 1434 1233 1508 1292; x_wconf 89' lang='lat' dir='ltr'>tur-</span> 
     </span>
     <span class='ocr_line' id='line_1_10' title="bbox 259 1312 1505 1412; baseline -0.001 -33"><span class='ocrx_word' id='word_1_72' title='bbox 259 1312 386 1381; x_wconf 89' lang='lat' dir='ltr'>bentur</span> <span class='ocrx_word' id='word_1_73' title='bbox 413 1313 531 1401; x_wconf 87' lang='lat' dir='ltr'>(prout</span> <span class='ocrx_word' id='word_1_74' title='bbox 556 1313 593 1379; x_wconf 89' lang='lat' dir='ltr'>in</span> <span class='ocrx_word' id='word_1_75' title='bbox 618 1313 781 1398; x_wconf 69' lang='lat' dir='ltr'>,Xeniis⁴</span> <span class='ocrx_word' id='word_1_76' title='bbox 807 1313 940 1379; x_wconf 87' lang='lat' dir='ltr'>factum</span> <span class='ocrx_word' id='word_1_77' title='bbox 966 1315 1044 1403; x_wconf 87' lang='lat' dir='ltr'>est).</span> <span class='ocrx_word' id='word_1_78' title='bbox 1076 1314 1190 1400; x_wconf 88' lang='lat' dir='ltr'>Opera</span> <span class='ocrx_word' id='word_1_79' title='bbox 1216 1313 1293 1412; x_wconf 89' lang='lat' dir='ltr'>ipsa</span> <span class='ocrx_word' id='word_1_80' title='bbox 1316 1313 1366 1379; x_wconf 88' lang='lat' dir='ltr'>sio</span> <span class='ocrx_word' id='word_1_81' title='bbox 1391 1313 1505 1379; x_wconf 85' lang='lat' dir='ltr'>distri·</span> 
     </span>
     <span class='ocr_line' id='line_1_11' title="bbox 258 1399 1506 1487; baseline -0.001 -21"><span class='ocrx_word' id='word_1_82' title='bbox 258 1399 398 1466; x_wconf 90' lang='lat' dir='ltr'>buenda</span> <span class='ocrx_word' id='word_1_83' title='bbox 420 1406 511 1484; x_wconf 87' lang='lat' dir='ltr'>sunt,</span> <span class='ocrx_word' id='word_1_84' title='bbox 534 1407 574 1466; x_wconf 88' lang='lat' dir='ltr'>ut</span> <span class='ocrx_word' id='word_1_85' title='bbox 598 1399 781 1467; x_wconf 87' lang='lat' dir='ltr'>Sermones</span> <span class='ocrx_word' id='word_1_86' title='bbox 805 1400 847 1466; x_wconf 92' lang='lat' dir='ltr'>de</span> <span class='ocrx_word' id='word_1_87' title='bbox 863 1401 1043 1487; x_wconf 85' lang='lat' dir='ltr'>Tempore,</span> <span class='ocrx_word' id='word_1_88' title='bbox 1067 1401 1109 1464; x_wconf 90' lang='lat' dir='ltr'>de</span> <span class='ocrx_word' id='word_1_89' title='bbox 1126 1399 1273 1483; x_wconf 81' lang='lat' dir='ltr'>Sanctis,</span> <span class='ocrx_word' id='word_1_90' title='bbox 1295 1400 1506 1466; x_wconf 86' lang='lat' dir='ltr'>deDiversis</span> 
     </span>
     <span class='ocr_line' id='line_1_12' title="bbox 260 1487 1506 1575; baseline -0.001 -22"><span class='ocrx_word' id='word_1_91' title='bbox 260 1487 451 1572; x_wconf 84' lang='lat' dir='ltr'>(nonnullis</span> <span class='ocrx_word' id='word_1_92' title='bbox 468 1487 632 1575; x_wconf 79' lang='lat' dir='ltr'>explosis)</span> <span class='ocrx_word' id='word_1_93' title='bbox 650 1495 685 1553; x_wconf 90' lang='lat' dir='ltr'>ct</span> <span class='ocrx_word' id='word_1_94' title='bbox 698 1487 735 1552; x_wconf 92' lang='lat' dir='ltr'>in</span> <span class='ocrx_word' id='word_1_95' title='bbox 752 1487 896 1553; x_wconf 82' lang='lat' dir='ltr'>Cantica</span> <span class='ocrx_word' id='word_1_96' title='bbox 909 1487 1132 1553; x_wconf 84' lang='lat' dir='ltr'>Canticorum</span> <span class='ocrx_word' id='word_1_97' title='bbox 1148 1488 1348 1570; x_wconf 87' lang='lat' dir='ltr'>secundum,</span> <span class='ocrx_word' id='word_1_98' title='bbox 1365 1487 1506 1552; x_wconf 89' lang='lat' dir='ltr'>tertium</span> 
     </span>
     <span class='ocr_line' id='line_1_13' title="bbox 259 1573 1505 1661; baseline -0.002 -21"><span class='ocrx_word' id='word_1_99' title='bbox 259 1581 295 1640; x_wconf 92' lang='lat' dir='ltr'>et</span> <span class='ocrx_word' id='word_1_100' title='bbox 317 1581 478 1660; x_wconf 88' lang='lat' dir='ltr'>quartum</span> <span class='ocrx_word' id='word_1_101' title='bbox 501 1583 633 1640; x_wconf 89' lang='lat' dir='ltr'>tomum</span> <span class='ocrx_word' id='word_1_102' title='bbox 649 1574 826 1660; x_wconf 77' lang='lat' dir='ltr'>impleant,</span> <span class='ocrx_word' id='word_1_103' title='bbox 849 1573 1030 1661; x_wconf 81' lang='lat' dir='ltr'>Epistolae</span> <span class='ocrx_word' id='word_1_104' title='bbox 1046 1575 1215 1658; x_wconf 92' lang='lat' dir='ltr'>quintum,</span> <span class='ocrx_word' id='word_1_105' title='bbox 1232 1575 1415 1639; x_wconf 77' lang='lat' dir='ltr'>Tractatus</span> <span class='ocrx_word' id='word_1_106' title='bbox 1431 1597 1505 1638; x_wconf 84' lang='lat' dir='ltr'>sex-</span> 
     </span>
     <span class='ocr_line' id='line_1_14' title="bbox 258 1660 1506 1812; baseline -0.002 -85"><span class='ocrx_word' id='word_1_107' title='bbox 258 1668 333 1728; x_wconf 89' lang='lat' dir='ltr'>tum</span> <span class='ocrx_word' id='word_1_108' title='bbox 360 1669 395 1726; x_wconf 91' lang='lat' dir='ltr'>et</span> <span class='ocrx_word' id='word_1_109' title='bbox 420 1661 606 1760; x_wconf 87' lang='lat' dir='ltr'>septimum</span> <span class='ocrx_word' id='word_1_110' title='bbox 629 1660 788 1726; x_wconf 80' lang='lat' dir='ltr'>—tribue</span> <span class='ocrx_word' id='word_1_111' title='bbox 816 1661 860 1726; x_wconf 90' lang='lat' dir='ltr'>ad</span> <span class='ocrx_word' id='word_1_112' title='bbox 886 1661 1064 1812; x_wconf 69' lang='lat' dir='ltr'>Epistolas</span> <span class='ocrx_word' id='word_1_113' title='bbox 1091 1661 1269 1746; x_wconf 90' lang='lat' dir='ltr'>relegatis,</span> <span class='ocrx_word' id='word_1_114' title='bbox 1297 1661 1334 1725; x_wconf 94' lang='lat' dir='ltr'>in</span> <span class='ocrx_word' id='word_1_115' title='bbox 1360 1683 1506 1746; x_wconf 90' lang='lat' dir='ltr'>quarum</span> 
     </span>
     <span class='ocr_line' id='line_1_15' title="bbox 258 1747 1507 1814; baseline -0.001 -1"><span class='ocrx_word' id='word_1_116' title='bbox 258 1769 404 1814; x_wconf 90' lang='lat' dir='ltr'>numero</span> <span class='ocrx_word' id='word_1_117' title='bbox 419 1749 502 1814; x_wconf 84' lang='lat' dir='ltr'>olim</span> <span class='ocrx_word' id='word_1_118' title='bbox 518 1747 735 1814; x_wconf 84' lang='lat' dir='ltr'>exstiterunt.</span> <span class='ocrx_word' id='word_1_119' title='bbox 748 1749 873 1812; x_wconf 83' lang='lat' dir='ltr'>Totam</span> <span class='ocrx_word' id='word_1_120' title='bbox 887 1770 907 1812; x_wconf 94' lang='lat' dir='ltr'>e</span> <span class='ocrx_word' id='word_1_121' title='bbox 933 1749 1076 1814; x_wconf 87' lang='lat' dir='ltr'>itionem</span> <span class='ocrx_word' id='word_1_122' title='bbox 1095 1748 1258 1813; x_wconf 88' lang='lat' dir='ltr'>claudant</span> <span class='ocrx_word' id='word_1_123' title='bbox 1274 1747 1365 1814; x_wconf 75' lang='lat' dir='ltr'>Vitae</span> <span class='ocrx_word' id='word_1_124' title='bbox 1379 1748 1507 1814; x_wconf 86' lang='lat' dir='ltr'>SBer·</span> 
     </span>
     <span class='ocr_line' id='line_1_16' title="bbox 258 1834 1537 1920; baseline -0.002 -19"><span class='ocrx_word' id='word_1_125' title='bbox 258 1835 359 1901; x_wconf 90' lang='lat' dir='ltr'>nardi</span> <span class='ocrx_word' id='word_1_126' title='bbox 373 1834 417 1900; x_wconf 90' lang='lat' dir='ltr'>ad</span> <span class='ocrx_word' id='word_1_127' title='bbox 428 1835 580 1901; x_wconf 86' lang='lat' dir='ltr'>fontium</span> <span class='ocrx_word' id='word_1_128' title='bbox 591 1834 695 1900; x_wconf 91' lang='lat' dir='ltr'>fidem</span> <span class='ocrx_word' id='word_1_129' title='bbox 707 1835 873 1900; x_wconf 89' lang='lat' dir='ltr'>redditae.</span> <span class='ocrx_word' id='word_1_130' title='bbox 886 1835 1013 1900; x_wconf 81' lang='lat' dir='ltr'>Forma</span> <span class='ocrx_word' id='word_1_131' title='bbox 1028 1843 1201 1901; x_wconf 90' lang='lat' dir='ltr'>tomorum</span> <span class='ocrx_word' id='word_1_132' title='bbox 1218 1834 1366 1920; x_wconf 88' lang='lat' dir='ltr'>eligatur</span> <span class='ocrx_word' id='word_1_133' title='bbox 1381 1843 1506 1901; x_wconf 87' lang='lat' dir='ltr'>octava</span> <span class='ocrx_word' id='word_1_134' title='bbox 1530 1869 1537 1883; x_wconf 93' lang='lat'><strong>·</strong></span> 
     </span>
     <span class='ocr_line' id='line_1_17' title="bbox 258 1921 1504 2010; baseline -0.002 -22"><span class='ocrx_word' id='word_1_135' title='bbox 258 1921 371 2010; x_wconf 89' lang='lat' dir='ltr'>major</span> <span class='ocrx_word' id='word_1_136' title='bbox 395 1921 512 2008; x_wconf 89' lang='lat' dir='ltr'>(quam</span> <span class='ocrx_word' id='word_1_137' title='bbox 537 1923 691 2010; x_wconf 85' lang='lat' dir='ltr'>vocant),</span> <span class='ocrx_word' id='word_1_138' title='bbox 720 1929 815 1986; x_wconf 90' lang='lat' dir='ltr'>carta</span> <span class='ocrx_word' id='word_1_139' title='bbox 840 1921 951 1987; x_wconf 88' lang='lat' dir='ltr'>solida</span> <span class='ocrx_word' id='word_1_140' title='bbox 976 1944 1087 2008; x_wconf 90' lang='lat' dir='ltr'>neque</span> <span class='ocrx_word' id='word_1_141' title='bbox 1114 1921 1217 1986; x_wconf 87' lang='lat' dir='ltr'>nimis</span> <span class='ocrx_word' id='word_1_142' title='bbox 1245 1921 1402 2005; x_wconf 86' lang='lat' dir='ltr'>candida,</span> <span class='ocrx_word' id='word_1_143' title='bbox 1427 1923 1504 2008; x_wconf 86' lang='lat' dir='ltr'>typi</span> 
     </span>
     <span class='ocr_line' id='line_1_18' title="bbox 259 2007 1507 2095; baseline -0.002 -21"><span class='ocrx_word' id='word_1_144' title='bbox 259 2009 330 2074; x_wconf 91' lang='lat' dir='ltr'>sint</span> <span class='ocrx_word' id='word_1_145' title='bbox 350 2007 434 2074; x_wconf 85' lang='lat' dir='ltr'>clari</span> <span class='ocrx_word' id='word_1_146' title='bbox 451 2016 486 2074; x_wconf 91' lang='lat' dir='ltr'>et</span> <span class='ocrx_word' id='word_1_147' title='bbox 500 2008 621 2090; x_wconf 91' lang='lat' dir='ltr'>nitidi;</span> <span class='ocrx_word' id='word_1_148' title='bbox 646 2007 856 2094; x_wconf 87' lang='lat' dir='ltr'>exemplaria</span> <span class='ocrx_word' id='word_1_149' title='bbox 870 2008 1021 2074; x_wconf 85' lang='lat' dir='ltr'>maximo</span> <span class='ocrx_word' id='word_1_150' title='bbox 1037 2029 1180 2074; x_wconf 90' lang='lat' dir='ltr'>numero</span> <span class='ocrx_word' id='word_1_151' title='bbox 1197 2007 1447 2095; x_wconf 82' lang='lat' dir='ltr'>imprimantur,</span> <span class='ocrx_word' id='word_1_152' title='bbox 1466 2016 1507 2073; x_wconf 91' lang='lat' dir='ltr'>ut</span> 
     </span>
     <span class='ocr_line' id='line_1_19' title="bbox 258 2093 1505 2182; baseline -0.001 -21"><span class='ocrx_word' id='word_1_153' title='bbox 258 2095 397 2161; x_wconf 90' lang='lat' dir='ltr'>modico</span> <span class='ocrx_word' id='word_1_154' title='bbox 416 2095 528 2182; x_wconf 89' lang='lat' dir='ltr'>pretio</span> <span class='ocrx_word' id='word_1_155' title='bbox 547 2095 685 2162; x_wconf 88' lang='lat' dir='ltr'>venalia</span> <span class='ocrx_word' id='word_1_156' title='bbox 705 2094 748 2160; x_wconf 85' lang='lat' dir='ltr'>ab</span> <span class='ocrx_word' id='word_1_157' title='bbox 765 2093 809 2159; x_wconf 92' lang='lat' dir='ltr'>iis</span> <span class='ocrx_word' id='word_1_158' title='bbox 825 2117 962 2182; x_wconf 90' lang='lat' dir='ltr'>quoque</span> <span class='ocrx_word' id='word_1_159' title='bbox 983 2102 1149 2178; x_wconf 88' lang='lat' dir='ltr'>emantur,</span> <span class='ocrx_word' id='word_1_160' title='bbox 1174 2094 1300 2180; x_wconf 90' lang='lat' dir='ltr'>quibus</span> <span class='ocrx_word' id='word_1_161' title='bbox 1321 2093 1505 2160; x_wconf 74' lang='lat' dir='ltr'>facultates</span> 
     </span>
     <span class='ocr_line' id='line_1_20' title="bbox 259 2181 1019 2267; baseline -0.001 -20"><span class='ocrx_word' id='word_1_162' title='bbox 259 2183 304 2247; x_wconf 91' lang='lat' dir='ltr'>ad</span> <span class='ocrx_word' id='word_1_163' title='bbox 327 2183 556 2267; x_wconf 87' lang='lat' dir='ltr'>acquirendos</span> <span class='ocrx_word' id='word_1_164' title='bbox 579 2181 687 2247; x_wconf 88' lang='lat' dir='ltr'>libros</span> <span class='ocrx_word' id='word_1_165' title='bbox 711 2181 860 2247; x_wconf 87' lang='lat' dir='ltr'>cariores</span> <span class='ocrx_word' id='word_1_166' title='bbox 884 2183 1019 2248; x_wconf 89' lang='lat' dir='ltr'>desunt.</span> 
     </span>
    </p>

    <p class='ocr_par' dir='ltr' id='par_1_3' title="bbox 256 2268 1508 3136">
     <span class='ocr_line' id='line_1_21' title="bbox 364 2268 1507 2356; baseline -0.001 -22"><span class='ocrx_word' id='word_1_167' title='bbox 364 2268 547 2354; x_wconf 83' lang='lat' dir='ltr'>Ejusmodi</span> <span class='ocrx_word' id='word_1_168' title='bbox 572 2268 760 2334; x_wconf 89' lang='lat' dir='ltr'>editionem</span> <span class='ocrx_word' id='word_1_169' title='bbox 783 2268 939 2334; x_wconf 91' lang='lat' dir='ltr'>omnium</span> <span class='ocrx_word' id='word_1_170' title='bbox 962 2269 1166 2356; x_wconf 81' lang='lat' dir='ltr'>applausum</span> <span class='ocrx_word' id='word_1_171' title='bbox 1189 2269 1345 2352; x_wconf 86' lang='lat' dir='ltr'>laturam,</span> <span class='ocrx_word' id='word_1_172' title='bbox 1371 2290 1446 2333; x_wconf 90' lang='lat' dir='ltr'>eam</span> <span class='ocrx_word' id='word_1_173' title='bbox 1469 2268 1507 2333; x_wconf 90' lang='lat' dir='ltr'>in</span> 
     </span>
     <span class='ocr_line' id='line_1_22' title="bbox 257 2355 1507 2443; baseline 0 -23"><span class='ocrx_word' id='word_1_174' title='bbox 257 2355 418 2422; x_wconf 88' lang='lat' dir='ltr'>domibus</span> <span class='ocrx_word' id='word_1_175' title='bbox 448 2378 520 2423; x_wconf 90' lang='lat' dir='ltr'>non</span> <span class='ocrx_word' id='word_1_176' title='bbox 548 2356 631 2421; x_wconf 91' lang='lat' dir='ltr'>solis</span> <span class='ocrx_word' id='word_1_177' title='bbox 662 2355 872 2421; x_wconf 74' lang='lat' dir='ltr'>contratrum</span> <span class='ocrx_word' id='word_1_178' title='bbox 903 2363 1101 2422; x_wconf 89' lang='lat' dir='ltr'>nostrorum</span> <span class='ocrx_word' id='word_1_179' title='bbox 1131 2355 1193 2420; x_wconf 92' lang='lat' dir='ltr'>sed</span> <span class='ocrx_word' id='word_1_180' title='bbox 1220 2355 1324 2440; x_wconf 90' lang='lat' dir='ltr'>longe</span> <span class='ocrx_word' id='word_1_181' title='bbox 1355 2355 1507 2443; x_wconf 90' lang='lat' dir='ltr'>plurium</span> 
     </span>
     <span class='ocr_line' id='line_1_23' title="bbox 258 2441 1507 2529; baseline -0.002 -21"><span class='ocrx_word' id='word_1_182' title='bbox 258 2443 476 2508; x_wconf 88' lang='lat' dir='ltr'>sacerdotum</span> <span class='ocrx_word' id='word_1_183' title='bbox 500 2450 603 2527; x_wconf 89' lang='lat' dir='ltr'>atque</span> <span class='ocrx_word' id='word_1_184' title='bbox 626 2442 664 2506; x_wconf 89' lang='lat' dir='ltr'>in</span> <span class='ocrx_word' id='word_1_185' title='bbox 683 2441 813 2529; x_wconf 86' lang='lat' dir='ltr'>patrias</span> <span class='ocrx_word' id='word_1_186' title='bbox 833 2443 969 2528; x_wconf 89' lang='lat' dir='ltr'>linguas</span> <span class='ocrx_word' id='word_1_187' title='bbox 989 2442 1190 2508; x_wconf 88' lang='lat' dir='ltr'>translatam</span> <span class='ocrx_word' id='word_1_188' title='bbox 1210 2441 1314 2508; x_wconf 88' lang='lat' dir='ltr'>etiem</span> <span class='ocrx_word' id='word_1_189' title='bbox 1338 2441 1375 2507; x_wconf 91' lang='lat' dir='ltr'>in</span> <span class='ocrx_word' id='word_1_190' title='bbox 1398 2442 1507 2507; x_wconf 90' lang='lat' dir='ltr'>mani-</span> 
     </span>
     <span class='ocr_line' id='line_1_24' title="bbox 257 2528 1507 2613; baseline 0 -19"><span class='ocrx_word' id='word_1_191' title='bbox 257 2528 322 2594; x_wconf 92' lang='lat' dir='ltr'>bus</span> <span class='ocrx_word' id='word_1_192' title='bbox 348 2529 549 2595; x_wconf 89' lang='lat' dir='ltr'>monialium</span> <span class='ocrx_word' id='word_1_193' title='bbox 573 2538 608 2594; x_wconf 92' lang='lat' dir='ltr'>et</span> <span class='ocrx_word' id='word_1_194' title='bbox 631 2550 914 2613; x_wconf 90' lang='lat' dir='ltr'>quorumcunque</span> <span class='ocrx_word' id='word_1_195' title='bbox 939 2529 1165 2594; x_wconf 89' lang='lat' dir='ltr'>saecularium</span> <span class='ocrx_word' id='word_1_196' title='bbox 1188 2537 1412 2612; x_wconf 84' lang='lat' dir='ltr'>versaturam,</span> <span class='ocrx_word' id='word_1_197' title='bbox 1442 2529 1507 2594; x_wconf 92' lang='lat' dir='ltr'>sic·</span> 
     </span>
     <span class='ocr_line' id='line_1_25' title="bbox 257 2615 1506 2703; baseline 0 -22"><span class='ocrx_word' id='word_1_198' title='bbox 257 2638 324 2701; x_wconf 92' lang='lat' dir='ltr'>que</span> <span class='ocrx_word' id='word_1_199' title='bbox 347 2617 487 2682; x_wconf 89' lang='lat' dir='ltr'>tandem</span> <span class='ocrx_word' id='word_1_200' title='bbox 515 2617 549 2682; x_wconf 89' lang='lat' dir='ltr'>S.</span> <span class='ocrx_word' id='word_1_201' title='bbox 568 2616 786 2682; x_wconf 86' lang='lat' dir='ltr'>Bernardum</span> <span class='ocrx_word' id='word_1_202' title='bbox 798 2653 832 2664; x_wconf 93' lang='lat'><em>-</em></span> <span class='ocrx_word' id='word_1_203' title='bbox 844 2623 883 2680; x_wconf 91' lang='lat' dir='ltr'>ut</span> <span class='ocrx_word' id='word_1_204' title='bbox 904 2617 1030 2681; x_wconf 90' lang='lat' dir='ltr'>meruit</span> <span class='ocrx_word' id='word_1_205' title='bbox 1043 2655 1070 2664; x_wconf 88' lang='lat'>-</span> <span class='ocrx_word' id='word_1_206' title='bbox 1082 2616 1238 2681; x_wconf 91' lang='lat' dir='ltr'>fidelium</span> <span class='ocrx_word' id='word_1_207' title='bbox 1261 2615 1365 2681; x_wconf 90' lang='lat' dir='ltr'>saluti</span> <span class='ocrx_word' id='word_1_208' title='bbox 1389 2615 1506 2703; x_wconf 86' lang='lat' dir='ltr'>profu-</span> 
     </span>
     <span class='ocr_line' id='line_1_26' title="bbox 256 2701 1507 2790; baseline -0.001 -22"><span class='ocrx_word' id='word_1_209' title='bbox 256 2709 372 2768; x_wconf 92' lang='lat' dir='ltr'>turum</span> <span class='ocrx_word' id='word_1_210' title='bbox 394 2725 468 2768; x_wconf 90' lang='lat' dir='ltr'>esse</span> <span class='ocrx_word' id='word_1_211' title='bbox 487 2725 690 2790; x_wconf 87' lang='lat' dir='ltr'>persuasum</span> <span class='ocrx_word' id='word_1_212' title='bbox 710 2701 877 2767; x_wconf 90' lang='lat' dir='ltr'>habentes</span> <span class='ocrx_word' id='word_1_213' title='bbox 900 2702 1081 2768; x_wconf 89' lang='lat' dir='ltr'>consilium</span> <span class='ocrx_word' id='word_1_214' title='bbox 1101 2703 1187 2766; x_wconf 91' lang='lat' dir='ltr'>illud</span> <span class='ocrx_word' id='word_1_215' title='bbox 1208 2703 1343 2768; x_wconf 90' lang='lat' dir='ltr'>cunctis</span> <span class='ocrx_word' id='word_1_216' title='bbox 1359 2724 1507 2787; x_wconf 89' lang='lat' dir='ltr'>quorum</span> 
     </span>
     <span class='ocr_line' id='line_1_27' title="bbox 256 2788 1508 2876; baseline 0.001 -22"><span class='ocrx_word' id='word_1_217' title='bbox 256 2789 401 2856; x_wconf 90' lang='lat' dir='ltr'>interest</span> <span class='ocrx_word' id='word_1_218' title='bbox 421 2789 580 2856; x_wconf 90' lang='lat' dir='ltr'>ardenter</span> <span class='ocrx_word' id='word_1_219' title='bbox 596 2788 885 2872; x_wconf 89' lang='lat' dir='ltr'>commendamus,</span> <span class='ocrx_word' id='word_1_220' title='bbox 906 2797 981 2855; x_wconf 91' lang='lat' dir='ltr'>toto</span> <span class='ocrx_word' id='word_1_221' title='bbox 998 2789 1112 2855; x_wconf 89' lang='lat' dir='ltr'>animo</span> <span class='ocrx_word' id='word_1_222' title='bbox 1129 2797 1299 2876; x_wconf 90' lang='lat' dir='ltr'>optantes,</span> <span class='ocrx_word' id='word_1_223' title='bbox 1321 2796 1360 2854; x_wconf 88' lang='lat' dir='ltr'>ut</span> <span class='ocrx_word' id='word_1_224' title='bbox 1374 2789 1508 2874; x_wconf 87' lang='lat' dir='ltr'>aliquot</span> 
     </span>
     <span class='ocr_line' id='line_1_28' title="bbox 257 2875 1506 2963; baseline 0.001 -22"><span class='ocrx_word' id='word_1_225' title='bbox 257 2876 397 2942; x_wconf 90' lang='lat' dir='ltr'>Ordinis</span> <span class='ocrx_word' id='word_1_226' title='bbox 420 2877 529 2944; x_wconf 88' lang='lat' dir='ltr'>nostri</span> <span class='ocrx_word' id='word_1_227' title='bbox 553 2915 580 2924; x_wconf 94' lang='lat'><em>-</em></span> <span class='ocrx_word' id='word_1_228' title='bbox 605 2885 767 2942; x_wconf 88' lang='lat' dir='ltr'>octavum</span> <span class='ocrx_word' id='word_1_229' title='bbox 791 2899 810 2939; x_wconf 94' lang='lat' dir='ltr'>a</span> <span class='ocrx_word' id='word_1_230' title='bbox 836 2875 1040 2942; x_wconf 79' lang='lat' dir='ltr'>fundatione</span> <span class='ocrx_word' id='word_1_231' title='bbox 1067 2877 1243 2942; x_wconf 89' lang='lat' dir='ltr'>saeculum</span> <span class='ocrx_word' id='word_1_232' title='bbox 1269 2884 1351 2963; x_wconf 92' lang='lat' dir='ltr'>post</span> <span class='ocrx_word' id='word_1_233' title='bbox 1373 2885 1506 2963; x_wconf 87' lang='lat' dir='ltr'>septem</span> 
     </span>
     <span class='ocr_line' id='line_1_29' title="bbox 257 2961 1507 3050; baseline -0.001 -22"><span class='ocrx_word' id='word_1_234' title='bbox 257 2985 367 3029; x_wconf 88' lang='lat' dir='ltr'>annos</span> <span class='ocrx_word' id='word_1_235' title='bbox 390 2962 598 3029; x_wconf 84' lang='lat' dir='ltr'>celebraturi</span> <span class='ocrx_word' id='word_1_236' title='bbox 613 2963 793 3029; x_wconf 86' lang='lat' dir='ltr'>-sodales</span> <span class='ocrx_word' id='word_1_237' title='bbox 817 2961 851 3028; x_wconf 92' lang='lat' dir='ltr'>S.</span> <span class='ocrx_word' id='word_1_238' title='bbox 867 2961 1045 3028; x_wconf 88' lang='lat' dir='ltr'>Bernardo</span> <span class='ocrx_word' id='word_1_239' title='bbox 1060 2963 1301 3050; x_wconf 84' lang='lat' dir='ltr'>patrocinante</span> <span class='ocrx_word' id='word_1_240' title='bbox 1323 2963 1411 3028; x_wconf 86' lang='lat' dir='ltr'>illud</span> <span class='ocrx_word' id='word_1_241' title='bbox 1430 2962 1507 3028; x_wconf 85' lang='lat' dir='ltr'>feli-</span> 
     </span>
     <span class='ocr_line' id='line_1_30' title="bbox 259 3048 666 3136; baseline 0.005 -22"><span class='ocrx_word' id='word_1_242' title='bbox 259 3048 345 3115; x_wconf 87' lang='lat' dir='ltr'>citer</span> <span class='ocrx_word' id='word_1_243' title='bbox 368 3052 615 3136; x_wconf 84' lang='lat' dir='ltr'>exsequantur!</span> <span class='ocrx_word' id='word_1_244' title='bbox 632 3087 666 3099; x_wconf 91' lang='grc'>-</span> 
     </span>
    </p>
   </div>
   <div class='ocr_carea' id='block_1_3' title="bbox 776 3175 982 3184">
    <p class='ocr_par' dir='ltr' id='par_1_4' title="bbox 776 3175 982 3184">
     <span class='ocr_line' id='line_1_31' title="bbox 776 3175 982 3184; baseline 0 -2"><span class='ocrx_word' id='word_1_245' title='bbox 776 3175 982 3184; x_wconf 62' lang='lat'>———---..-.-</span> 
     </span>
    </p>
   </div>
   <div class='ocr_carea' id='block_1_4' title="bbox 415 3277 1345 3516">
    <p class='ocr_par' dir='ltr' id='par_1_5' title="bbox 415 3277 1345 3516">
     <span class='ocr_line' id='line_1_32' title="bbox 857 3277 911 3342; baseline 0 0"><span class='ocrx_word' id='word_1_246' title='bbox 857 3277 911 3342; x_wconf 89' lang='lat' dir='ltr'>HI</span> 
     </span>
     <span class='ocr_line' id='line_1_33' title="bbox 415 3412 1345 3516; baseline 0.002 -21"><span class='ocrx_word' id='word_1_247' title='bbox 415 3412 729 3515; x_wconf 80' lang='lat' dir='ltr'>Bibflograpbla</span> <span class='ocrx_word' id='word_1_248' title='bbox 755 3422 1010 3497; x_wconf 86' lang='lat' dir='ltr'>Bernerdina</span> <span class='ocrx_word' id='word_1_249' title='bbox 1036 3443 1159 3497; x_wconf 88' lang='lat' dir='ltr'>mann</span> <span class='ocrx_word' id='word_1_250' title='bbox 1187 3424 1345 3516; x_wconf 80' lang='lat' dir='ltr'>scripta</span> 
     </span>
    </p>
   </div>
   <div class='ocr_carea' id='block_1_5' title="bbox 256 3572 1507 4616">
    <p class='ocr_par' dir='ltr' id='par_1_6' title="bbox 256 3572 1507 4616">
     <span class='ocr_line' id='line_1_34' title="bbox 360 3572 1506 3661; baseline 0 -23"><span class='ocrx_word' id='word_1_251' title='bbox 360 3573 631 3639; x_wconf 89' lang='lat' dir='ltr'>Dissertationes</span> <span class='ocrx_word' id='word_1_252' title='bbox 653 3574 694 3638; x_wconf 92' lang='lat' dir='ltr'>de</span> <span class='ocrx_word' id='word_1_253' title='bbox 715 3572 749 3639; x_wconf 92' lang='lat' dir='ltr'>S.</span> <span class='ocrx_word' id='word_1_254' title='bbox 764 3573 933 3639; x_wconf 88' lang='lat' dir='ltr'>Bernardi</span> <span class='ocrx_word' id='word_1_255' title='bbox 954 3573 1116 3661; x_wconf 90' lang='lat' dir='ltr'>operibus</span> <span class='ocrx_word' id='word_1_256' title='bbox 1137 3596 1325 3660; x_wconf 90' lang='lat' dir='ltr'>eorumque</span> <span class='ocrx_word' id='word_1_257' title='bbox 1346 3573 1506 3640; x_wconf 90' lang='lat' dir='ltr'>editioni-</span> 
     </span>
     <span class='ocr_line' id='line_1_35' title="bbox 256 3659 1505 3747; baseline 0 -23"><span class='ocrx_word' id='word_1_258' title='bbox 256 3659 322 3726; x_wconf 88' lang='lat' dir='ltr'>bus</span> <span class='ocrx_word' id='word_1_259' title='bbox 336 3659 411 3745; x_wconf 89' lang='lat' dir='ltr'>jam</span> <span class='ocrx_word' id='word_1_260' title='bbox 430 3659 506 3747; x_wconf 91' lang='lat' dir='ltr'>ipsa</span> <span class='ocrx_word' id='word_1_261' title='bbox 524 3661 771 3743; x_wconf 77' lang='lat' dir='ltr'>Biblioprcptr&#39;c</span> <span class='ocrx_word' id='word_1_262' title='bbox 791 3662 999 3726; x_wconf 76' lang='lat' dir='ltr'>Bemcrdt&#39;aa</span> <span class='ocrx_word' id='word_1_263' title='bbox 1018 3661 1182 3746; x_wconf 89' lang='lat' dir='ltr'>sequitur,</span> <span class='ocrx_word' id='word_1_264' title='bbox 1206 3684 1309 3746; x_wconf 91' lang='lat' dir='ltr'>quam</span> <span class='ocrx_word' id='word_1_265' title='bbox 1331 3660 1505 3747; x_wconf 91' lang='lat' dir='ltr'>duplicem</span> 
     </span>
     <span class='ocr_line' id='line_1_36' title="bbox 258 3747 1506 3834; baseline 0 -22"><span class='ocrx_word' id='word_1_266' title='bbox 258 3747 395 3813; x_wconf 89' lang='lat' dir='ltr'>damus:</span> <span class='ocrx_word' id='word_1_267' title='bbox 411 3749 673 3829; x_wconf 71' lang='lat' dir='ltr'>manuscriptam</span> <span class='ocrx_word' id='word_1_268' title='bbox 684 3786 711 3796; x_wconf 90' lang='lat'><em>-</em></span> <span class='ocrx_word' id='word_1_269' title='bbox 721 3747 923 3834; x_wconf 87' lang='lat' dir='ltr'>appendicis</span> <span class='ocrx_word' id='word_1_270' title='bbox 938 3747 1049 3813; x_wconf 88' lang='lat' dir='ltr'>instar</span> <span class='ocrx_word' id='word_1_271' title='bbox 1064 3747 1320 3814; x_wconf 79' lang='lat' dir='ltr'>introductioni</span> <span class='ocrx_word' id='word_1_272' title='bbox 1336 3748 1506 3813; x_wconf 82' lang='lat' dir='ltr'>adnexam</span> 
     </span>
     <span class='ocr_line' id='line_1_37' title="bbox 258 3833 1506 3920; baseline 0.002 -22"><span class='ocrx_word' id='word_1_273' title='bbox 258 3856 401 3919; x_wconf 89' lang='lat' dir='ltr'>eamque</span> <span class='ocrx_word' id='word_1_274' title='bbox 420 3833 623 3911; x_wconf 86' lang='lat' dir='ltr'>breviorem,</span> <span class='ocrx_word' id='word_1_275' title='bbox 649 3842 684 3899; x_wconf 92' lang='lat' dir='ltr'>et</span> <span class='ocrx_word' id='word_1_276' title='bbox 702 3837 786 3918; x_wconf 80' lang='lat' dir='ltr'>lypis</span> <span class='ocrx_word' id='word_1_277' title='bbox 804 3835 1244 3920; x_wconf 63' lang='lat' dir='ltr'>armassem-longiorem.</span> <span class='ocrx_word' id='word_1_278' title='bbox 1267 3835 1407 3900; x_wconf 82' lang='lat' dir='ltr'>Etenim</span> <span class='ocrx_word' id='word_1_279' title='bbox 1427 3857 1506 3900; x_wconf 88' lang='lat' dir='ltr'>cum</span> 
     </span>
     <span class='ocr_line' id='line_1_38' title="bbox 258 3920 1506 4008; baseline 0.002 -23"><span class='ocrx_word' id='word_1_280' title='bbox 258 3929 338 3985; x_wconf 89' lang='lat' dir='ltr'>ante</span> <span class='ocrx_word' id='word_1_281' title='bbox 354 3928 428 3986; x_wconf 91' lang='lat' dir='ltr'>tum</span> <span class='ocrx_word' id='word_1_282' title='bbox 444 3929 524 4006; x_wconf 90' lang='lat' dir='ltr'>post</span> <span class='ocrx_word' id='word_1_283' title='bbox 544 3921 796 4008; x_wconf 85' lang='lat' dir='ltr'>typographiae</span> <span class='ocrx_word' id='word_1_284' title='bbox 812 3921 1049 3987; x_wconf 90' lang='lat' dir='ltr'>inventionem</span> <span class='ocrx_word' id='word_1_285' title='bbox 1065 3922 1228 4008; x_wconf 90' lang='lat' dir='ltr'>permulti</span> <span class='ocrx_word' id='word_1_286' title='bbox 1244 3921 1401 3988; x_wconf 90' lang='lat' dir='ltr'>homines</span> <span class='ocrx_word' id='word_1_287' title='bbox 1421 3920 1506 3987; x_wconf 89' lang='lat' dir='ltr'>utri-</span> 
     </span>
     <span class='ocr_line' id='line_1_39' title="bbox 256 4008 1506 4095; baseline 0 -23"><span class='ocrx_word' id='word_1_288' title='bbox 256 4029 365 4092; x_wconf 88' lang='lat' dir='ltr'>usque</span> <span class='ocrx_word' id='word_1_289' title='bbox 393 4029 506 4089; x_wconf 85' lang='lat' dir='ltr'>sexus,</span> <span class='ocrx_word' id='word_1_290' title='bbox 532 4008 581 4094; x_wconf 92' lang='lat' dir='ltr'>pii</span> <span class='ocrx_word' id='word_1_291' title='bbox 609 4009 782 4093; x_wconf 87' lang='lat' dir='ltr'>doctique,</span> <span class='ocrx_word' id='word_1_292' title='bbox 810 4009 967 4094; x_wconf 86' lang='lat' dir='ltr'>egregias</span> <span class='ocrx_word' id='word_1_293' title='bbox 990 4031 1045 4073; x_wconf 90' lang='lat' dir='ltr'>res</span> <span class='ocrx_word' id='word_1_294' title='bbox 1070 4009 1112 4072; x_wconf 92' lang='lat' dir='ltr'>de</span> <span class='ocrx_word' id='word_1_295' title='bbox 1137 4009 1170 4073; x_wconf 88' lang='lat' dir='ltr'>S.</span> <span class='ocrx_word' id='word_1_296' title='bbox 1194 4009 1374 4074; x_wconf 87' lang='lat' dir='ltr'>Bernardo</span> <span class='ocrx_word' id='word_1_297' title='bbox 1397 4008 1506 4095; x_wconf 90' lang='lat' dir='ltr'>scrip-</span> 
     </span>
     <span class='ocr_line' id='line_1_40' title="bbox 257 4095 1505 4182; baseline 0.002 -23"><span class='ocrx_word' id='word_1_298' title='bbox 257 4103 385 4178; x_wconf 88' lang='lat' dir='ltr'>serunt,</span> <span class='ocrx_word' id='word_1_299' title='bbox 406 4116 494 4180; x_wconf 91' lang='lat' dir='ltr'>quae</span> <span class='ocrx_word' id='word_1_300' title='bbox 514 4095 619 4160; x_wconf 87' lang='lat' dir='ltr'>variis</span> <span class='ocrx_word' id='word_1_301' title='bbox 640 4117 683 4160; x_wconf 82' lang='lat' dir='ltr'>ex</span> <span class='ocrx_word' id='word_1_302' title='bbox 700 4095 813 4160; x_wconf 89' lang='lat' dir='ltr'>causis</span> <span class='ocrx_word' id='word_1_303' title='bbox 833 4095 929 4182; x_wconf 84' lang='lat' dir='ltr'>prelo</span> <span class='ocrx_word' id='word_1_304' title='bbox 950 4117 1020 4161; x_wconf 90' lang='lat' dir='ltr'>non</span> <span class='ocrx_word' id='word_1_305' title='bbox 1042 4103 1123 4159; x_wconf 90' lang='lat' dir='ltr'>sunt</span> <span class='ocrx_word' id='word_1_306' title='bbox 1141 4095 1343 4177; x_wconf 88' lang='lat' dir='ltr'>subductae,</span> <span class='ocrx_word' id='word_1_307' title='bbox 1364 4096 1505 4162; x_wconf 90' lang='lat' dir='ltr'>omnino</span> 
     </span>
     <span class='ocr_line' id='line_1_41' title="bbox 257 4180 1507 4268; baseline 0.002 -22"><span class='ocrx_word' id='word_1_308' title='bbox 257 4187 373 4247; x_wconf 90' lang='lat' dir='ltr'>antem</span> <span class='ocrx_word' id='word_1_309' title='bbox 388 4180 523 4266; x_wconf 85' lang='lat' dir='ltr'>dignae,</span> <span class='ocrx_word' id='word_1_310' title='bbox 541 4189 580 4246; x_wconf 91' lang='lat' dir='ltr'>ut</span> <span class='ocrx_word' id='word_1_311' title='bbox 596 4182 637 4246; x_wconf 94' lang='lat' dir='ltr'>ad</span> <span class='ocrx_word' id='word_1_312' title='bbox 655 4190 872 4268; x_wconf 89' lang='lat' dir='ltr'>posterorum</span> <span class='ocrx_word' id='word_1_313' title='bbox 887 4182 1048 4247; x_wconf 90' lang='lat' dir='ltr'>notitiam</span> <span class='ocrx_word' id='word_1_314' title='bbox 1064 4182 1278 4268; x_wconf 85' lang='lat' dir='ltr'>perveniant.</span> <span class='ocrx_word' id='word_1_315' title='bbox 1295 4182 1389 4261; x_wconf 82' lang='lat' dir='ltr'>Quae</span> <span class='ocrx_word' id='word_1_316' title='bbox 1405 4182 1507 4248; x_wconf 91' lang='lat' dir='ltr'>nobis</span> 
     </span>
     <span class='ocr_line' id='line_1_42' title="bbox 256 4268 1505 4352; baseline 0.002 -20"><span class='ocrx_word' id='word_1_317' title='bbox 256 4268 492 4351; x_wconf 88' lang='lat' dir='ltr'>innotuerunt,</span> <span class='ocrx_word' id='word_1_318' title='bbox 522 4268 558 4332; x_wconf 92' lang='lat' dir='ltr'>in</span> <span class='ocrx_word' id='word_1_319' title='bbox 580 4269 829 4351; x_wconf 73' lang='lat' dir='ltr'>Bibliopruphic</span> <span class='ocrx_word' id='word_1_320' title='bbox 852 4269 1062 4335; x_wconf 82' lang='lat' dir='ltr'>Beracrdina</span> <span class='ocrx_word' id='word_1_321' title='bbox 1084 4292 1183 4334; x_wconf 79' lang='lat' dir='ltr'>mana</span> <span class='ocrx_word' id='word_1_322' title='bbox 1205 4271 1325 4352; x_wconf 78' lang='lat' dir='ltr'>scripta</span> <span class='ocrx_word' id='word_1_323' title='bbox 1347 4291 1505 4334; x_wconf 89' lang='lat' dir='ltr'>recense-</span> 
     </span>
     <span class='ocr_line' id='line_1_43' title="bbox 256 4354 1507 4443; baseline 0.001 -24"><span class='ocrx_word' id='word_1_324' title='bbox 256 4376 342 4438; x_wconf 89' lang='lat' dir='ltr'>mus,</span> <span class='ocrx_word' id='word_1_325' title='bbox 365 4354 531 4438; x_wconf 90' lang='lat' dir='ltr'>dolentes,</span> <span class='ocrx_word' id='word_1_326' title='bbox 552 4376 615 4420; x_wconf 91' lang='lat' dir='ltr'>nos</span> <span class='ocrx_word' id='word_1_327' title='bbox 633 4355 676 4420; x_wconf 90' lang='lat' dir='ltr'>ad</span> <span class='ocrx_word' id='word_1_328' title='bbox 692 4356 808 4441; x_wconf 90' lang='lat' dir='ltr'>plures</span> <span class='ocrx_word' id='word_1_329' title='bbox 825 4356 1003 4440; x_wconf 86' lang='lat' dir='ltr'>catalogos</span> <span class='ocrx_word' id='word_1_330' title='bbox 1020 4355 1176 4422; x_wconf 87' lang='lat' dir='ltr'>codicum</span> <span class='ocrx_word' id='word_1_331' title='bbox 1193 4355 1460 4443; x_wconf 89' lang='lat' dir='ltr'>perscrutandos</span> <span class='ocrx_word' id='word_1_332' title='bbox 1472 4393 1507 4406; x_wconf 90' lang='lat'><em>-</em></span> 
     </span>
     <span class='ocr_line' id='line_1_44' title="bbox 256 4441 1506 4529; baseline 0.001 -23"><span class='ocrx_word' id='word_1_333' title='bbox 256 4441 459 4529; x_wconf 89' lang='lat' dir='ltr'>praesertim</span> <span class='ocrx_word' id='word_1_334' title='bbox 479 4441 714 4527; x_wconf 89' lang='lat' dir='ltr'>superioribus</span> <span class='ocrx_word' id='word_1_335' title='bbox 734 4451 882 4527; x_wconf 89' lang='lat' dir='ltr'>quatuor</span> <span class='ocrx_word' id='word_1_336' title='bbox 901 4442 1000 4508; x_wconf 88' lang='lat' dir='ltr'>annis</span> <span class='ocrx_word' id='word_1_337' title='bbox 1013 4482 1040 4489; x_wconf 98' lang='lat'>-</span> <span class='ocrx_word' id='word_1_338' title='bbox 1054 4443 1163 4508; x_wconf 88' lang='lat' dir='ltr'>otium</span> <span class='ocrx_word' id='word_1_339' title='bbox 1182 4443 1415 4508; x_wconf 88' lang='lat' dir='ltr'>necessarium</span> <span class='ocrx_word' id='word_1_340' title='bbox 1434 4464 1506 4509; x_wconf 92' lang='lat' dir='ltr'>non</span> 
     </span>
     <span class='ocr_line' id='line_1_45' title="bbox 257 4529 1506 4616; baseline 0.001 -22"><span class='ocrx_word' id='word_1_341' title='bbox 257 4551 332 4594; x_wconf 88' lang='lat' dir='ltr'>esse</span> <span class='ocrx_word' id='word_1_342' title='bbox 355 4535 486 4594; x_wconf 91' lang='lat' dir='ltr'>nactos.</span> <span class='ocrx_word' id='word_1_343' title='bbox 509 4529 632 4612; x_wconf 90' lang='lat' dir='ltr'>Itaque</span> <span class='ocrx_word' id='word_1_344' title='bbox 657 4529 845 4595; x_wconf 88' lang='lat' dir='ltr'>lectoribus</span> <span class='ocrx_word' id='word_1_345' title='bbox 868 4552 1000 4594; x_wconf 90' lang='lat' dir='ltr'>merum</span> <span class='ocrx_word' id='word_1_346' title='bbox 1022 4539 1162 4614; x_wconf 90' lang='lat' dir='ltr'>gustum</span> <span class='ocrx_word' id='word_1_347' title='bbox 1185 4529 1315 4613; x_wconf 87' lang='lat' dir='ltr'>damus,</span> <span class='ocrx_word' id='word_1_348' title='bbox 1335 4537 1406 4595; x_wconf 90' lang='lat' dir='ltr'>tam</span> <span class='ocrx_word' id='word_1_349' title='bbox 1426 4551 1506 4616; x_wconf 89' lang='lat' dir='ltr'>pro·</span> 
     </span>
    </p>
   </div>
   <div class='ocr_carea' id='block_1_6' title="bbox 256 4615 1506 4789">
    <p class='ocr_par' dir='ltr' id='par_1_7' title="bbox 256 4615 1506 4789">
     <span class='ocr_line' id='line_1_46' title="bbox 281 4615 1506 4703; baseline 0.003 -23"><span class='ocrx_word' id='word_1_350' title='bbox 281 4615 341 4680; x_wconf 88' lang='lat' dir='ltr'>riis</span> <span class='ocrx_word' id='word_1_351' title='bbox 369 4615 492 4680; x_wconf 89' lang='lat' dir='ltr'>studiis</span> <span class='ocrx_word' id='word_1_352' title='bbox 516 4623 595 4680; x_wconf 88' lang='lat' dir='ltr'>ante</span> <span class='ocrx_word' id='word_1_353' title='bbox 618 4625 763 4681; x_wconf 90' lang='lat' dir='ltr'>mortem</span> <span class='ocrx_word' id='word_1_354' title='bbox 787 4639 858 4681; x_wconf 90' lang='lat' dir='ltr'>non</span> <span class='ocrx_word' id='word_1_355' title='bbox 883 4616 1117 4703; x_wconf 88' lang='lat' dir='ltr'>exspiraturis,</span> <span class='ocrx_word' id='word_1_356' title='bbox 1144 4638 1246 4700; x_wconf 89' lang='lat' dir='ltr'>quam</span> <span class='ocrx_word' id='word_1_357' title='bbox 1275 4617 1445 4682; x_wconf 89' lang='lat' dir='ltr'>cultorum</span> <span class='ocrx_word' id='word_1_358' title='bbox 1471 4618 1506 4684; x_wconf 90' lang='lat' dir='ltr'>S.</span> 
     </span>
     <span class='ocr_line' id='line_1_47' title="bbox 256 4639 1300 4789; baseline 0 -21"><span class='ocrx_word' id='word_1_359' title='bbox 256 4639 424 4768; x_wconf 61' lang='lat' dir='ltr'>bernardi</span> <span class='ocrx_word' id='word_1_360' title='bbox 446 4702 590 4786; x_wconf 88' lang='lat' dir='ltr'>notitiis,</span> <span class='ocrx_word' id='word_1_361' title='bbox 611 4705 638 4766; x_wconf 87' lang='lat' dir='ltr'>si</span> <span class='ocrx_word' id='word_1_362' title='bbox 660 4725 747 4788; x_wconf 88' lang='lat' dir='ltr'>quae</span> <span class='ocrx_word' id='word_1_363' title='bbox 770 4703 1019 4787; x_wconf 88' lang='lat' dir='ltr'>advolaverint,</span> <span class='ocrx_word' id='word_1_364' title='bbox 1041 4705 1254 4789; x_wconf 89' lang='lat' dir='ltr'>augendum!</span> <span class='ocrx_word' id='word_1_365' title='bbox 1274 4743 1300 4750; x_wconf 98' lang='lat'>-</span> 
     </span>
    </p>
   </div>
   <div class='ocr_carea' id='block_1_7' title="bbox 0 0 1680 5280">
    <p class='ocr_par' dir='ltr' id='par_1_8' title="bbox 0 0 1680 5280">
     <span class='ocr_line' id='line_1_48' title="bbox 0 0 1680 5280; baseline 0 1"><span class='ocrx_word' id='word_1_366' title='bbox 0 0 1680 5280; x_wconf 95' lang='lat' dir='ltr'> </span> 
     </span>
    </p>
   </div>
  </div>
 </body>
</html>
