3316 5258
848 423 1001 522 Au-

299 611 342 678 de
367 611 549 678 naissanoe
576 605 619 678 de
645 609 738 678 saint
759 613 926 680 Bernard.
951 613 1057 700 (Ball.
1086 611 1201 680 d’hist.
1225 621 1261 680 et
1283 613 1473 681 d'archdol
1502 616 1550 681 dn

300 698 439 768 diocese
462 699 505 765 dc
526 697 646 787 Dijon.
672 709 765 766 1890.
788 700 885 790 Sept
908 700 1011 789 Oct).
1027 739 1055 750 -

352 855 450 927 2741.
463 897 506 907 -
517 859 709 930 Haurdeu:
733 858 801 925 Des
810 863 937 941 poemat
953 859 1052 924 latim
1066 858 1220 926 curcua
1235 863 1257 925 ὰ
1273 857 1553 925 Sciat-Beruard.

298 944 367 1012 Les
383 943 493 1031 Mans,
509 943 591 1034 imp.
607 945 672 1011 Ed.
688 944 893 1033 Monnoyer,
912 944 1021 1030 Paris,
1043 945 1121 1012 libr.
1137 945 1174 1011 Ο.
1190 945 1434 1012 Klincksicck.
1460 957 1554 1012 1890.

298 1035 347 1099 8⁰.
370 1033 496 1100 V-lot
519 1055 625 1120 pp.-

351 1136 406 1209 (Ib.
424 1135 448 1192 1.
466 1136 512 1192 De
530 1137 701 1210 contemptu
719 1135 834 1192 mundi:

524 1222 667 1280 Ohartula
683 1229 789 1280 nostra
805 1225 859 1280 tibi
877 1224 1007 1296 mandat,
1025 1225 1179 1296 Rainalde,
1197 1225 1319 1296 salutes,

577 1317 621 1367 et:
645 1311 706 1368 Gur
722 1311 851 1368 mundus
868 1312 979 1368 militat
996 1313 1053 1370 sub
1071 1330 1150 1368 vana
1165 1313 1268 1385 gloria.

298 1397 338 1457 11.
356 1400 473 1472 Dogma
489 1398 643 1455 vivendi-
654 1398 796 1454 Eormula
813 1399 1119 1456 vivendi-Doctrina
1135 1399 1319 1473 proficiendi:

574 1485 658 1542 Haec
676 1486 730 1542 tibi
747 1485 869 1542 vivendi
887 1489 928 1542 sit
944 1486 1073 1542 formula
1089 1487 1268 1559 proficiendi.

298 1571 355 1630 111.
373 1573 470 1629 Metro
484 1591 503 1628 a
517 1573 550 1630 Β.
563 1571 715 1628 Bemardo
732 1575 899 1646 conscripta
915 1591 969 1647 pro
985 1573 1189 1630 aedificatione
1203 1591 1319 1630 morum
1335 1577 1472 1631 omnium
1488 1575 1555 1630 Deo

368 1659 584 1716 dedicatorum:

602 1749 633 1805 Si
651 1749 697 1804 vis
714 1747 852 1822 gaudere,
870 1747 993 1805 studeas
1010 1749 1042 1803 in
1059 1765 1131 1820 pace
1150 1748 1244 1804 silere.

301 1833 351 1891 IV.
370 1835 415 1890 De
433 1834 616 1891 multimodis
635 1837 782 1892 erroribus
800 1835 947 1892 humanae
965 1835 1148 1907 fragilitatis:

581 1922 673 1996 Flete,
692 1923 870 1996 perhorrete,
888 1921 997 1995 lugete,
1015 1928 1132 1994 pavete,
1150 1922 1257 1979 deleta.

299 2007 334 2066 V.
354 2009 513 2066 eontentio
531 2012 647 2066 animae
665 2016 696 2066 et
714 2012 860 2083 corporis:

599 2099 652 2154 Vir
669 2097 788 2170 quidam
807 2100 963 2154 emtitsrat
981 2096 1092 2152 dudum
1112 2099 1241 2157 eremita.

298 2183 347 2240 VI.
366 2184 528 2258 Sequentia
545 2185 582 2242 de
599 2185 647 2242 die
663 2185 775 2258 judicii.
794 2185 839 2242 De
858 2185 950 2242 divite
967 2190 1101 2240 mortuo:

523 2273 648 2340 Quando
666 2273 750 2332 dives
767 2276 900 2346 munitm,
917 2273 954 2328 In
971 2279 1033 2329 tres
1050 2278 1151 2346 partes
1169 2271 1317 2328 dividitur.

709 2361 784 2418 uum
801 2361 946 2419 recondor
963 2363 1132 2417 moriturus.

297 2448 364 2506 VII.
382 2449 536 2506 Floretus:

522 2538 646 2594 Nomine
664 2537 804 2596 Floretus
822 2538 896 2594 liber
912 2539 1016 2610 incipit
1033 2535 1072 2591 ad
1089 2537 1167 2592 bona
1185 2541 1316 2608 coeptus.

297 2625 379 2683 vm.
397 2625 443 2682 De
460 2625 519 2681 fide
536 2631 657 2682 sanctae
675 2625 841 2682 Trinitatis:

482 2715 557 2770 Esse
576 2713 655 2786 quod
674 2721 776 2770 estex
794 2731 827 2771 se
845 2715 927 2770 Deus
947 2721 995 2770 est
1011 2729 1063 2786 per
1081 2712 1161 2786 quod
1178 2711 1265 2768 datur
1282 2729 1358 2768 esse.

350 2801 452 2856 Oratio
470 2800 509 2856 ad
526 2807 587 2858 tres
605 2819 749 2874 personas
767 2801 936 2858 Trinitatis:

661 2889 759 2963 Alphe
777 2897 808 2946 et
827 2889 946 2962 Omegr„
964 2905 1070 2961 magne
1088 2888 1179 2945 Deus.

297 2977 351 3032 IX.
369 2977 406 3032 In
422 2979 559 3050 ingressu
577 2978 711 3034 claustri:

548 3065 594 3122 Ad
612 3065 683 3138 quid
700 3067 818 3136 venisti,
836 3066 935 3137 frater,
953 3065 1095 3122 meditere
1113 3065 1290 3136 frequenter.

348 3153 504 3209 Dictamen
522 3153 560 3210 ad
576 3154 747 3226 religiosos:

539 3240 570 3297 Si
588 3242 635 3297 vis
654 3257 721 3296 esse
739 3239 904 3310 coenobita,
921 3239 1021 3296 Huius
1040 3241 1120 3296 vitae
1138 3239 1216 3296 viam
1234 3240 1304 3295 vita

349 3327 396 3384 Ad
413 3328 559 3386 novitios:

559 3416 680 3488 Novitii,
698 3415 801 3472 dulces
819 3417 885 3486 mei,
904 3415 1035 3471 Plantati
1052 3417 1084 3470 in
1101 3415 1197 3471 Domo
1215 3414 1279 3469 Dei.

349 3504 523 3560 Exhortatio
543 3503 580 3558 ad
598 3505 819 3560 contritionem:

712 3591 758 3647 'ihr
776 3593 826 3664 qui
840 3591 925 3663 juste
942 3591 992 3646 vel
1009 3589 1128 3662 injuste.

296 3680 335 3738 X.
353 3679 599 3736 'Pomeamentum
619 3681 652 3736 B.
671 3680 827 3737 Bernardi:

569 3767 695 3834 Quando
713 3773 801 3823 nocte
820 3765 906 3822 video
924 3769 955 3820 in
974 3767 1064 3821 choro
1083 3769 1269 3822 conventum

297 3852 351 3909 XI.
370 3853 513 3910 Planctus
531 3855 563 3910 B.
582 3853 738 3911 Bernardi:

564 3943 642 3998 Olim
660 3949 796 3998 nostrum
815 3941 947 3998 ordinem
965 3942 1110 4014 principes
1128 3941 1273 3995 amabant

297 4029 366 4085 XII.
385 4031 419 4085 B.
439 4029 581 4086 Bernardi
598 4031 635 4086 ad
653 4031 819 4101 Eugenium
837 4047 943 4101 papam
961 4028 997 4085 de
1015 4029 1171 4084 Romanis:

616 4117 653 4172 In
671 4119 767 4173 Deum
785 4119 875 4189 impii,
893 4119 924 4171 in
942 4117 1051 4172 Sancta
1068 4115 1224 4171 temerarii.

296 4203 381 4260 xm.
400 4205 570 4276 Disputatio
587 4206 664 4259 inter
681 4211 805 4260 matrem
824 4205 963 4260 Orucilixi
982 4209 1012 4258 et
1029 4203 1167 4259 Crucem:

510 4286 513 4294 ’
694 4292 782 4363 Crux,
800 4291 837 4348 de
855 4297 885 4348 te
903 4292 972 4349 volo
991 4292 1138 4363 conqueri.

296 4379 378 4436 XIV.
395 4379 432 4436 In
450 4379 659 4452 Epiphaniam:

680 4468 863 4539 Quicumque
880 4467 997 4522 coelum
1015 4467 1165 4538 quaeritis.

296 4555 361 4613 XV.
380 4555 474 4611 Prosa
492 4554 529 4610 de
546 4558 702 4612 nativitate
720 4557 853 4611 Domini:

619 4642 831 4699 Laetabundus
850 4643 971 4698 Exultat
989 4641 1084 4698 fidelis
1103 4641 1219 4696 chorus.

297 4731 377 4788 XVI.
396 4731 554 4803 Epitaphia
572 4731 600 4786 S.
618 4730 779 4784 Malachiae
798 4737 828 4784 et
845 4731 980 4801 Hugonis
1000 4730 1036 4784 de
1054 4729 1082 4784 S.
1102 4729 1228 4783 Victore.
