3378 5284
889 409 952 476 270

297 618 364 658 oum
381 601 498 658 Indices
519 602 550 656 in
571 602 704 660 Laetoria
727 600 933 674 eompendium
954 601 1127 658 lateralibus
1148 602 1322 675 locupletati
1342 603 1494 677 Numeris,
1519 623 1554 660 ao

298 687 481 745 desideratae
502 687 570 745 fidei
591 691 730 746 restituti.
753 689 899 762 Lugduni,
921 688 1008 763 Apud
1028 690 1193 745 Antonium
1214 696 1246 746 et
1265 689 1425 745 Horatium
1447 691 1553 762 Moliri,
1665 689 1666 696 '

294 776 383 848 juxta
397 793 536 846 magnum
552 776 715 848 Collegium
732 778 789 832 ΡΡ.
801 778 957 833 Societatis
973 777 994 832 J
995 794 1056 832 esu.
1073 776 1146 833 1687.
1160 776 1235 833 Cum
1250 778 1403 850 approbat
1416 785 1448 833 61
1462 781 1553 850 privi-

298 861 375 932 lagio
394 863 601 935 1161816161.-
723 868 725 872 ’

256 1003 260 1016 ,
352 949 429 1018 (Νοί.
447 967 484 1006 ex
502 951 635 1006 biblioth.
653 951 742 1022 palat
762 950 947 1022 vindobon).
960 979 988 993 -

356 1080 450 1151 1293.
465 1121 508 1131 -
523 1083 827 1182 (Merlohorstius.
840 1089 898 1165 —l
919 1085 952 1149 8.
967 1083 1133 1150 Bernardi
1154 1083 1321 1168 ibeobpio
1341 1085 1554 1151 didascalieu-

299 1170 432 1236 moralia
447 1169 562 1235 studio
579 1169 824 1236 Merlohorstii.
840 1169 1005 1255 Lugduni
1023 1180 1117 1236 1681.
1134 1183 1152 1238 2
1171 1172 1248 1237 coll.
1261 1172 1320 1238 fol.
1338 1211 1366 1220 -
1383 1179 1442 1248 (Ita
1454 1179 1553 1234 'Pheo-

299 1263 398 1336 philus
417 1264 527 1335 Georgi
543 1263 568 1319 1.
589 1263 647 1334 131,
671 1264 807 1336 idemque
826 1282 901 1336 opus
919 1282 944 1320 a.
965 1264 1032 1319 1700
1049 1265 1236 1320 Franoofurti
1258 1265 1336 1339 apud
1355 1265 1554 1322 Stoesselium

300 1353 332 1404 in
349 1350 446 1406 luoem
464 1351 610 1423 prodiisse
629 1349 723 1414 addit;
742 1351 796 1408 sad
814 1352 870 1407 sub
888 1351 940 1406 illa
957 1354 1148 1424 inscriptione
1166 1352 1329 1408 falsissima
1345 1353 1442 1408 latent
1463 1353 1553 1422 Opera

300 1437 328 1492 S.
345 1437 493 1508 Bet-nardi,
515 1437 594 1492 dioto
613 1455 690 1493 anno
708 1438 846 1508 Lugduni
865 1437 944 1494 edite
962 1439 1029 1512 [vid.
1049 1439 1083 1495 N.
1108 1439 1207 1512 12921,
1227 1447 1257 1496 et
1276 1441 1474 1512 „Theologiaa
1493 1441 1552 1495 did

299 1526 389 1582 mor.“
408 1542 485 1580 anno
505 1525 573 1579 1700
597 1525 694 1580 editae
718 1533 821 1581 auctor
843 1543 904 1580 non
928 1527 986 1580 fuit
1009 1525 1102 1582 hierlo
1126 1526 1278 1598 Horatius,
1302 1526 1356 1583 sed
1381 1543 1551 1600 anonymus

301 1611 419 1684 quidam
437 1613 471 1666 Δ.
490 1613 523 1667 Β.
542 1612 585 1683 1.).
598 1643 623 1653 -

358 1743 454 1813 1294.
466 1783 507 1792 —
522 1745 673 1830 (Suarez
689 1748 734 1815 de
748 1747 875 1816 Sousa.
887 1747 941 1830 -)
955 1747 1086 1814 Sermoa
1098 1749 1148 1813 del
1157 1749 1293 1832 plorioso
1304 1749 1412 1814 athad
1424 1748 1459 1814 S.
1469 1748 1553 1815 Ber-
1665 1719 1666 1728 ἶ

300 1833 412 1910 borda
436 1831 624 1918 predioado
641 1883 648 1898 .
665 1883 673 1898 .
690 1834 711 1897 h
730 1844 771 1898 24
792 1835 835 1899 de
853 1835 988 1919 Agosto
1011 1857 1076 1921 por
1098 1836 1128 1900 al
1147 1835 1185 1901 P.
1201 1835 1305 1902 Pedro
1322 1837 1360 1902 do
1374 1835 1553 1902 Avmdato

303 1918 424 1985 Saurea
439 1919 477 1985 de
493 1919 606 1986 Soura.
625 1919 772 1987 Menioo.
793 1933 884 1988 1681.
906 1925 953 1988 4⁰.
969 1958 1003 1970 -

355 2021 439 2093 (Brit.
457 2023 534 2078 Mus.
553 2023 616 2080 cat.
636 2023 744 2095 „Andr
763 2043 790 2096 p.
809 2024 862 2096 40).
876 2057 900 2064 -

842 2196 880 2264 A.
902 2199 1010 2264 1688:

360 2329 454 2400 1295.
465 2372 506 2381 -
517 2334 686 2412 (Chiiilet.
695 2334 752 2415 -)
765 2334 973 2400 Miscellanea
989 2334 1195 2419 Cbisflelioaa
1209 2333 1283 2398 sive
1299 2331 1552 2400 Ohiffletiorum

303 2419 471 2504 opuscula
491 2420 596 2486 varia.
616 2420 867 2487 Amstelodaml
888 2421 978 2508 apud
998 2422 1043 2486 H.
1059 2420 1302 2488 Wetstenium.
1321 2430 1415 2486 1688.
1434 2431 1451 2484 l
1469 2421 1551 2486 voll.

304 2515 349 2571 4⁰.
368 2545 395 2554 -
411 2505 476 2587 (Ib.
492 2513 575 2573 tom.
592 2508 676 2573 VII:
693 2508 792 2574 Pauli
809 2509 963 2593 Otisflatii
981 2508 1053 2596 ,De
1072 2507 1245 2596 pernobili
1264 2530 1392 2594 genere
1416 2507 1451 2572 S.
1468 2507 1552 2573 Ber-

304 2592 443 2677 nardi“;
468 2595 538 2660 vid.
561 2595 603 2659 N.
630 2593 738 2681 1079).
753 2634 787 2644 -

360 2741 513 2812 ’1290-
529 2747 748 2814 Freneisaus
771 2746 955 2831 Josapbus
978 2765 1024 2813 ex
1047 2746 1382 2827 Busmansbausen,
1401 2743 1441 2808 P.
1456 2742 1551 2829 (Ord.

303 2829 387 2895 Min.
413 2833 446 2896 S.
469 2831 591 2897 Frano.
618 2831 778 2918 Oapuol:
807 2831 938 2897 Florum
961 2834 1066 2913 coemi
1088 2831 1274 2896 fasciculus
1297 2831 1342 2895 Π.
1368 2829 1553 2917 (lampido-

304 2939 379 3000 nae,
403 2927 476 3006 typ.
493 2941 584 2985 mon.
602 2917 899 3004 Gampidorrensis,
919 2929 1011 2983 1688.
1026 2957 1052 2966 -
1067 2918 1153 2998 abi:
1175 2918 1288 2984 Uolscio
1304 2919 1332 2982 Ι.
1344 2939 1405 3000 pro
1413 2918 1500 3002 sesto
1517 2917 1551 2982 S.

305 3006 471 3071 Bernordi
492 3007 644 3073 Attalis:
662 3005 821 3070 Dilectus
842 3028 938 3070 meus
960 3005 1126 3070 candidus
1149 3010 1183 3070 61
1203 3003 1426 3087 rubicundus,
1452 3003 1550 3069 Cant.

307 3093 671 3176 5,10.-00n0i011.
715 3115 753 3158 ro
776 3092 866 3158 festo
891 3092 1064 3178 ejusdem:
1088 3093 1212 3158 Beatus
1235 3093 1435 3158 Bernardus.
1459 3091 1552 3156 Ana-

305 3202 475 3265 gramma:
500 3181 555 3246 En
579 3181 612 3246 S.
636 3117 758 3246 Ruhus
781 3179 948 3266 ardebat).
966 3219 992 3226 -

360 3281 435 3344 (Not.
455 3300 491 3336 ex
510 3282 642 3340 biblioth.
661 3282 1000 3348 16611661.1111611601.ω

361 3414 510 3484 1291-
526 3417 720 3500 Freherus,
741 3416 784 3481 D.
801 3416 941 3483 Paulus:
959 3417 1129 3482 Theatrum
1145 3418 1284 3481 virorum
1300 3414 1474 3480 auditione
1490 3413 1553 3478 olo·

304 3524 420 3569 rorum.
449 3502 491 3566 In
514 3524 582 3588 quo
605 3502 699 3567 vitae
721 3511 755 3567 et
777 3503 906 3590 scripta
930 3503 1182 3588 theologorum,
1206 3501 1280 3566 iuro
1304 3501 1552 3582 oonsultornm,

305 3588 519 3655 medicorum
544 3597 580 3655 et
601 3588 887 3689 philosophorum
911 3639 995 3656 ....
1020 3613 1040 3656 a
1063 3588 1211 3654 saeculis
1234 3588 1376 3674 aliquot,
1401 3586 1444 3652 ad
1468 3585 1553 3652 haee

306 3699 415 3763 usque
436 3675 829 3764 tempora,florent1um,
850 3677 1042 3743 seeundum
1062 3697 1231 3742 annorum
1258 3673 1477 3740 emortalium
1500 3695 1552 3738 se-

304 3765 401 3846 riem,
424 3772 590 3849 tanquam
612 3763 718 3829 variis
741 3765 778 3829 in
802 3765 915 3830 saenis
937 3770 1251 3852 repraesentantur.
1276 3775 1294 3828 2
1317 3768 1358 3829 tt.
1382 3760 1419 3826 in
1445 3770 1460 3825 1
1484 3761 1553 3826 vol.

305 3850 530 3936 Noribergae,
557 3851 604 3915 im
631 3851 723 3916 ensis
749 3851 831 3919 Joh.
855 3851 1056 3917 Hoiinanni.
1084 3860 1176 3916 1688.
1200 3849 1260 3917 fol.
1276 3889 1303 3898 -
1320 3848 1385 3935 (Ib.
1409 3868 1489 3936 pag.
1513 3859 1551 3912 ’16

306 3927 351 4005 ad
376 3949 433 4005 lt:
459 3939 494 4006 S.
517 3874 766 4026 Bernhardus).
785 3979 811 3987 -

359 4043 429 4115 (Via
449 4061 485 4098 ex
503 4043 635 4097 biblioth.
654 4043 742 4115 palat.
761 4043 894 4112 Menae).
908 4075 933 4084 —

363 4183 458 4254 1298.
475 4225 507 4232 -
524 4185 637 4270 Mspr,
655 4186 808 4251 Bernara
818 4185 842 4272 ¹)
852 4208 862 4250 .·
885 4185 951 4251 Lot
976 4183 1036 4249 des
1060 4183 1244 4250 Hoohheil.
1270 4181 1472 4248 Saorament
1496 4181 1554 4246 des

307 4271 435 4355 Altars,
459 4271 554 4337 eines
602 4270 850 4359 ottgowoihten
872 4271 1078 4358 Pnesters')
1101 4270 1173 4336 und
1197 4269 1258 4336 des
1281 4267 1555 4355 Hdnigfliossen-

309 4359 376 4425 den
398 4357 546 4425 Lehrers
568 4294 744 4436 heroardi,
768 4367 1004 4445 vorgetragen
1026 4359 1063 4424 in
1085 4359 1164 4423 dem
1188 4354 1437 4423 cistercienser
1460 4353 1556 4421 Stifft

308 4447 443 4511 Zwettl.
470 4444 650 4532 Wildberg
675 4456 768 4512 1688.
786 4485 813 4495 -
833 4458 871 4512 16
894 4446 948 4512 Bl.
973 4448 1020 4511 4⁰.
1036 4486 1062 4495 -

361 4549 536 4619 (Rossntbal
558 4549 649 4606 (latai.
669 4550 711 4604 37.
729 4549 765 4604 N.
785 4549 974 4606 twa-Not.
995 4567 1030 4605 ex
1049 4547 1182 4604 biblioth.
1201 4551 1330 4602 monast.
1349 4544 1525 4615 Zwettl.).-

360 4637 394 4691 N.
417 4638 444 4692 l:
465 4637 550 4692 Prior
567 4639 740 4692 monasterii
758 4639 796 4692 ad
814 4637 842 4694 S.
861 4637 1053 4692 Lambertum
1071 4637 1100 4690 in
1116 4634 1281 4704 Altenburg
1299 4633 1344 4704 (O.
1358 4631 1385 4688 S.
1402 4631 1432 4688 B.
1451 4634 1483 4686 in
1496 4633 1557 4687 Au·

308 4723 549 4798 stria-Init-N.
569 4724 600 4780 2:
619 4723 783 4797 Neomysta
800 4723 850 4778 ille
867 4723 925 4777 fuit
943 4724 974 4778 P.
993 4719 1163 4795 Leopoldus
1180 4721 1343 4776 Lehma-
