3398 5270
696 372 851 470 ,ss

204 557 332 628 508.-
345 559 393 641 (S.
405 561 625 630 Bernardus.
647 560 759 642 Opera.
774 562 829 647 -)
845 561 927 628 Divi
941 563 1105 628 Bernordi
1121 558 1271 631 doctoris
1287 565 1395 631 melli-

144 645 274 710 tissimi
295 668 335 710 ac
355 646 456 733 primi
477 647 626 712 Abbatis
644 648 909 714 Olareuellensis
930 649 1089 736 coenobij
1111 673 1206 733 opera
1225 663 1395 736 quatenus

143 733 183 798 in
201 733 294 798 hunc
306 755 416 818 usque
429 734 520 798 diem
533 742 650 799 extare
667 742 867 820 noscuntur,
884 739 990 802 omnia
1003 738 1262 804 accuratissima
1276 762 1396 826 recog-

143 819 282 886 nitione
295 827 331 886 et
343 820 461 886 solerti
475 821 660 887 collatione
673 823 716 887 ad
728 821 832 888 fidem
846 823 1092 910 exemplarium
1103 825 1295 911 permultae
1308 827 1395 892 anti·

144 907 293 992 quitatis
320 907 482 973 restituta
507 907 645 974 nativae
672 909 876 994 integritati.
908 911 1002 988 Quae
1029 918 1148 978 nostra
1173 912 1259 978 haec
1287 914 1394 980 editio

144 1003 286 1080 praeter
305 994 500 1080 superiores
521 1017 612 1060 nunc
631 995 780 1082 primum
800 997 894 1082 typis
917 998 1069 1082 euulgat,
1090 1020 1192 1064 nosse
1211 999 1332 1065 licebit
1352 1024 1394 1066 ex

143 1082 309 1166 catalogo
324 1091 360 1147 et
375 1081 577 1168 appendice.
594 1082 736 1148 Parisiis
747 1133 754 1148 .
765 1083 869 1170 Apud
884 1083 907 1149 J
909 1106 1057 1149 oannem
1071 1085 1212 1172 Roigny
1224 1086 1260 1171 ¹),
1277 1087 1335 1152 uia
1350 1088 1394 1153 ad

142 1169 191 1234 D.
203 1168 386 1250 iacobum,
402 1169 466 1233 sub
478 1168 648 1235 Basilisco
666 1177 700 1234 et
715 1177 863 1254 quatuor
874 1171 1075 1236 Elementis.
1089 1183 1183 1238 1547.
1200 1174 1243 1260 (F
1255 1185 1293 1239 2:
1311 1175 1393 1262 Epi-

142 1255 238 1320 stola
253 1255 431 1320 Francisoi
449 1255 684 1340 Comestoris).
700 1297 724 1304 —

200 1357 263 1413 Fal.
282 1359 315 1412 35
326 1359 356 1414 ff.
374 1359 464 1430 prael.
482 1377 509 1414 n.
528 1377 638 1414 nurum.
658 1365 688 1413 et
711 1359 762 1412 343
781 1377 888 1414 numm.
906 1391 932 1400 -·
945 1360 1128 1416 Adhaerent:
1153 1363 1280 1434 „Deuoti
1297 1366 1391 1434 patris

143 1445 267 1500 Domini
288 1445 429 1501 Gilleberii
446 1447 560 1502 aiano
584 1447 617 1500 de
634 1447 791 1501 Hoilandia
809 1450 838 1501 iu
858 1448 965 1516 Anglia
983 1448 1094 1503 ordinis
1113 1448 1318 1506 cisterciensis
1336 1469 1390 1506 ser·

141 1549 238 1586 mones
255 1531 407 1602 (XLVIII)
419 1550 501 1602 super
516 1534 631 1588 Canace
649 1534 824 1601 cantieorum,
837 1535 873 1589 ab
893 1552 928 1588 eo
942 1535 1016 1605 loco,
1029 1553 1088 1606 quo
1105 1537 1209 1592 beatus
1222 1538 1389 1594 Bernardus

141 1625 242 1674 morte
255 1625 435 1690 praeuentus
454 1621 578 1691 finierat,
591 1622 772 1691 insequendo
790 1621 825 1674 de
845 1623 941 1676 uicino
955 1621 1087 1678 eiusdem
1095 1623 1236 1679 Bernardi
1255 1627 1391 1697 spiritum

143 1713 178 1762 et
188 1707 316 1776 stylum“
331 1707 361 1768 if.
375 1707 470 1777 1-40).
480 1739 504 1748 -
515 1707 672 1763 'Practmus
681 1709 715 1763 B.
726 1709 865 1763 Bernardi
883 1708 997 1764 abbatis
1010 1710 1043 1764 de
1052 1709 1260 1766 Lamentatione
1271 1713 1391 1783 uirginis

141 1795 256 1849 Mariae
281 1797 311 1866 (s.
330 1794 385 1864 40).
401 1825 428 1836 -
444 1795 492 1862 Ej.
510 1795 647 1850 Doctrina
666 1798 695 1855 (l'.
714 1795 767 1867 42).
785 1827 809 1836 —
825 1796 870 1867 Ej.
889 1795 1019 1850 Homilia
1043 1795 1080 1850 de
1101 1795 1217 1852 duobus
1239 1797 1390 1870 discipulis

143 1882 285 1937 euntibus
304 1883 333 1936 in
351 1883 462 1938 Emsus
481 1884 513 1948 (f.
533 1883 566 1936 42
576 1887 633 1948 vo).
644 1914 669 1922 -
679 1883 724 1952 uj.
742 1884 785 1938 De
802 1900 893 1938 amore
904 1883 966 1951 Dei,
985 1884 1074 1938 Liber
1091 1885 1121 1954 (f.
1136 1885 1225 1946 491-
1237 1884 1283 1952 ej.
1298 1884 1391 1940 Sermo

142 1969 178 2024 de
195 1970 330 2026 Passioae
348 1970 454 2024 domiai
472 1969 502 2034 (s.
522 1971 555 2024 55
563 1971 620 2041 vo).
630 2001 657 2011 -
666 1970 714 2037 ej.
729 1971 872 2026 Ilaelaius
884 1970 927 2024 De
940 1971 1070 2040 passione
1088 1971 1194 2026 domiai
1212 1988 1313 2043 super:
1327 1972 1390 2043 Ego

142 2075 212 2112 sum
223 2060 293 2114 uitis
307 2075 378 2112 uera
390 2057 420 2126 (f.
431 2057 464 2112 57
472 2061 530 2126 vo).
540 2089 565 2098 —
575 2058 624 2124 Ej.
643 2057 806 2126 Rdyttmiea
818 2059 907 2112 oraiio
915 2058 954 2112 ad
965 2075 1052 2113 unum
1063 2059 1200 2127 quodlibet
1211 2060 1389 2115 moerorum

144 2145 250 2198 einai
273 2146 413 2216 patientis
438 2149 468 2198 et
486 2162 504 2198 a
522 2161 607 2199 cruce
632 2143 804 2215 pendentis“
824 2149 854 2200 et
873 2144 1007 2214 „Jubilus
1033 2147 1061 2198 in
1080 2148 1389 2202 commemorationem

140 2230 306 2286 dominicae
325 2231 488 2302 passionis“
505 2232 534 2302 (f.
546 2231 579 2284 74
587 2237 642 2298 νο).
653 2263 678 2270 -
688 2231 733 2302 uj.
749 2231 935 2299 Confessionis
942 2232 1066 2299 priwiae
1077 2233 1198 2298 formula
1211 2231 1240 2299 (f.
1254 2231 1287 2286 76
1296 2233 1353 2302 vo).
1365 2264 1389 2272 -

142 2318 188 2387 sj.
209 2318 255 2370 Ad
272 2333 390 2371 acrorem
406 2335 484 2372 suom
503 2319 608 2372 Modus
630 2319 695 2372 bene
711 2319 828 2372 uiuendi
845 2318 874 2382 (f.
894 2317 946 2387 77).
957 2351 982 2357 —
999 2318 1043 2388 Ej.
1063 2318 1145 2373 Liber
1161 2320 1194 2372 de
1214 2319 1388 2374 Conscientia

141 2405 179 2459 ad
199 2403 345 2476 quendam
364 2405 534 2474 religiosum
553 2404 663 2459 ordinis
677 2403 882 2460 cisterciensis
900 2405 930 2474 (f.
945 2405 978 2458 95
991 2405 1028 2458 ad
1042 2405 1093 2472 96).
1108 2436 1133 2444 -
1143 2405 1188 2475 Ej.
1204 2406 1266 2460 Vita
1279 2405 1308 2460 S.
1325 2407 1388 2460 Μα·

141 2491 247 2546 lectiae
266 2493 403 2562 episcopi.
421 2523 446 2531 -
460 2491 522 2544 Vita
541 2492 570 2546 S.
590 2491 735 2547 Bernardi.
748 2523 773 2530 -
789 2491 971 2546 Caucniaoiio
989 2491 1018 2546 S.
1033 2491 1179 2548 sonora.
1193 2524 1218 2532 -
1231 2493 1387 2561 Epiwphia

141 2577 171 2632 S.
183 2577 331 2633 Bernardi.
341 2608 367 2618 -
377 2577 517 2632 Philotiier'
531 2577 667 2632 monachi
685 2577 721 2632 de
739 2579 802 2632 uita
821 2583 851 2632 et
869 2577 1001 2632 moribus
1019 2577 1054 2632 D.
1068 2578 1209 2633 Bernardi
1221 2595 1328 2633 eanum
1340 2596 1387 2634 en·

140 2665 325 2720 eomiasiicon.
336 2697 360 2704 -
370 2666 403 2718 B.
416 2666 554 2720 Bemardi
568 2666 706 2721 metricum
723 2671 915 2720 testamentum.
932 2665 978 2737 (34
994 2665 1023 2718 ff.
1041 2681 1101 2718 non
1119 2682 1241 2728 numm
1262 2666 1387 2720 Summ:

139 2753 174 2806 35
185 2761 217 2818 ψ
229 2753 281 2807 343
292 2759 322 2818 -1-
334 2753 368 2806 96
379 2757 409 2820 †
421 2753 455 2806 34
467 2777 497 2798 =
509 2752 559 2806 508
571 2753 632 2807 fll-
647 2753 700 2806 Vis.
714 2769 750 2806 ex
769 2751 901 2806 biblioth.
919 2757 1044 2806 monast
1064 2749 1101 2804 ad
1118 2750 1147 2806 S.
1159 2750 1350 2820 Florianum).
1360 2783 1387 2793 -

193 2841 227 2894 N.
245 2841 266 2896 1.
285 2839 368 2894 Haec
380 2837 470 2893 editio
483 2837 627 2893 Francisei
641 2839 810 2906 eamearn,
823 2837 901 2908 apud
913 2837 1050 2892 Jaaaoem
1062 2836 1174 2906 Roony
1186 2837 1309 2910 venalis,
1322 2840 1386 2894 sine

137 2927 231 2981 dubio
250 2928 389 2981 convenit
406 2943 472 2980 cum
490 2926 549 2996 illa,
569 2943 644 2996 quae
663 2925 740 2996 apud
753 2925 872 2979 viduam
888 2924 1001 2978 Claudii
1021 2924 1168 2978 Oheraiioa
1186 2922 1290 2978 eodem
1308 2941 1385 2980 anno

140 3014 208 3068 1547
222 3015 367 3085 impressa
379 3018 465 3068 est-
474 3013 589 3081 (Bacca,
602 3012 695 3068 Gatal.
709 3011 758 3066 IV.
772 3013 807 3066 N.
821 3013 862 3064 74.
872 3043 897 3053 -
908 3011 1025 3067 Ceillier
1036 3009 1135 3067 XXII.
1147 3011 1207 3065 466.
1217 3042 1243 3051 -
1253 3010 1386 3067 Clemen-

137 3109 190 3156 cet
207 3099 267 3155 392.
276 3131 302 3142 -
312 3100 463 3155 Fabricius
475 3100 550 3155 Bibl.
563 3099 627 3154 Lat.
641 3099 665 3156 I.
680 3098 739 3155 603.
750 3131 775 3138 -
784 3099 863 3154 Hist.
875 3099 945 3152 Litt.
960 3098 996 3152 de
1014 3098 1043 3152 la
1056 3097 1167 3153 Franco
1186 3097 1271 3153 XIII.
1289 3099 1348 3152 219.
1360 3131 1385 3139 -

138 3188 283 3244 usuum
295 3187 317 3242 1.
335 3189 364 3242 in
377 3171 615 3243 praee-ouen
629 3185 667 3241 11.
683 3185 768 3256 1233).
779 3185 893 3252 -oue
911 3184 947 3240 ee
964 3185 1016 3239 uu
1033 3183 1220 3240 sentiendum
1239 3188 1286 3255 sn,
1300 3186 1385 3256 cous

136 3279 169 3331 in
188 3275 382 3330 Brockheusii
396 3274 580 3330 Bibliotheca
593 3271 939 3342 catholica-'Pheologica
957 3271 1000 3338 (N.
1015 3271 1092 3339 1125)
1104 3273 1151 3327 his
1166 3273 1262 3328 verbis
1275 3275 1386 3328 mentio

138 3365 188 3417 fit:
208 3363 311 3434 „Apud
329 3361 473 3432 Huponem
495 3367 519 3416 ei
542 3361 666 3416 haeredes
684 3362 813 3415 denonis
831 3360 863 3414 de
882 3359 977 3414 Porta.
999 3359 1073 3414 1547.
1092 3359 1169 3430 l'ol.“‚
1193 3362 1386 3415 nescimus.-

192 3493 444 3580 fita—(Doni.
459 3493 517 3578 -)
538 3493 636 3560 Prose
655 3494 779 3558 antiche
799 3493 833 3556 di
851 3491 965 3567 Dante,
986 3491 1161 3558 Peirarela
1175 3497 1203 3556 et
1217 3491 1386 3556 Boeeaecio

137 3606 156 3646 e
181 3581 217 3645 di
239 3580 336 3646 molti
354 3580 432 3645 altri
446 3579 556 3645 nobili
577 3587 613 3645 et
630 3579 778 3646 virtuosi
798 3578 951 3663 ingegni,
973 3585 1205 3644 nuovamente
1223 3577 1384 3643 raccolte.

136 3670 235 3734 Stam
263 3673 318 3732 ate
345 3668 382 3731 in
406 3667 553 3732 Firenze
577 3687 741 3753 appresso
765 3666 790 3730 il
813 3665 905 3731 Doni
920 3667 943 3748 ¹)
970 3687 990 3729 a
1017 3665 1053 3729 di
1078 3665 1190 3751 primo
1215 3663 1384 3749 d’Agostc

134 3755 207 3820 MD
279 3754 356 3819 VII.
372 3756 417 3819 4⁰.
433 3792 459 3801 -
473 3761 542 3830 (Ib.:
555 3761 686 3830 Epistola
699 3761 730 3814 di
741 3759 771 3815 S.
783 3759 927 3814 amardo
939 3776 957 3813 a
969 3759 1052 3828 Papa
1064 3759 1193 3829 anmio
1203 3759 1257 3814 III
1269 3759 1310 3813 de’
1321 3758 1386 3814 vicii

135 3859 179 3913 de’
201 3857 357 3927 somna).
369 3888 395 3896 -
407 3856 547 3927 Argenti,
572 3856 646 3911 Bibl.
668 3854 694 3909 d.
714 3854 876 3924 Volgarizz.
895 3855 929 3910 V.
951 3854 1011 3908 424.
1030 3885 1056 3893 -
1073 3853 1222 3925 Celegeri,
1243 3853 1384 3924 Opuscoli

135 3944 236 4000 XXII.
249 3943 309 3998 407.
320 3977 344 3984 —
356 3943 469 3998 (lamba
485 3945 526 3999 47.
541 3943 576 3997 N.
594 3942 650 3998 151.
662 3974 685 3980 -
695 3942 821 4011 Paitoni‚
840 3940 914 3996 Bibl.
934 3939 961 3996 d.
972 3940 1134 4012 Volgarizz.
1152 3941 1176 3995 I.
1194 3939 1252 3996 168.
1262 3972 1288 3980 -
1297 3940 1383 3996 Zam-

134 4031 279 4102 briniae).
292 4063 317 4071 -

188 4119 223 4173 N.
234 4119 258 4172 l.
269 4116 435 4188 Bibliopola
445 4117 534 4171 etiam
543 4121 647 4171 auctor
656 4115 839 4170 collectionis
849 4114 943 4168 fuisse
953 4113 1138 4184 lagnon-N.
1148 4112 1172 4169 2.
1182 4112 1307 4168 Videtur
1317 4129 1383 4170 esse

135 4205 295 4278 desumpta
308 4221 344 4260 ex
356 4221 417 4276 cap.
430 4205 455 4260 2.
467 4203 534 4258 libri
544 4203 586 4258 IV
599 4203 662 4274 „De
675 4201 944 4258 Consideratione“.
954 4231 979 4240 -

681 4397 721 4464 A.
736 4397 841 4464 1548:

189 4547 319 4616 510.-
331 4546 379 4632 (S.
394 4547 615 4614 Bernartius.
636 4543 748 4626 Opera.
760 4541 817 4626 —)
834 4540 915 4606 Divi
930 4541 1097 4608 Beraardi
1113 4541 1266 4608 doctoris
1286 4541 1382 4607 meli·

135 4633 259 4699 tissimi
282 4655 322 4698 ac
341 4631 443 4721 primi
463 4630 612 4697 Abbatis
629 4628 895 4698 Olareuellensis
917 4628 1077 4694 coenobii
1096 4652 1191 4712 opera
1211 4636 1381 4714 quatenus

1192 4750 1226 4803 9*
