3398 5270
773 389 834 486 ron

167 579 340 647 fidelium.
349 579 490 646 Venalis
498 579 688 645 habeturin
698 579 777 646 vico
787 579 931 646 sanotiJ
935 578 1035 644 acobi
1045 580 1136 666 apud
1145 588 1303 644 sanctum
1313 580 1425 645 Bene·

169 667 318 732 dictum.
334 667 477 732 Parisiis
497 679 590 733 1516.
605 706 632 714 -

229 771 278 824 104
289 770 318 826 ff.
337 772 375 826 4⁰.
385 802 411 811 -
422 771 621 842 (Hirsomann,
641 770 733 826 Oatal.
753 771 797 824 77.
813 771 847 824 N.
866 769 936 840 645).
946 800 972 809 -

229 893 305 960 398.
320 933 360 940 -
372 895 568 980 (Martinus
585 896 628 961 de
642 895 771 962 Locha.
782 896 837 977 -—)
855 893 909 957 Fi
933 891 1018 956 Tit:
1036 890 1194 956 Melliflui
1218 914 1257 956 ac
1273 892 1424 957 deuotis-

173 979 256 1044 simi
271 980 379 1066 patris
396 981 488 1045 beati
504 981 690 1046 lambardi·
709 979 811 1065 primi
832 977 981 1044 Abbatis
1002 979 1267 1044 Olareuallensis
1285 981 1425 1065 egregia

178 1067 303 1132 Omelio
326 1089 393 1132 non
420 1067 531 1133 solum
546 1067 628 1131 fidei
645 1066 837 1132 doctrinam
861 1067 921 1130 sed
937 1066 1009 1130 vite
1034 1087 1171 1151 quoque
1187 1065 1425 1150 magisterium

174 1175 216 1218 ac
233 1153 323 1218 iuste
341 1153 615 1219 conuersationis
632 1154 811 1241 speculum
824 1203 831 1218 .
845 1175 981 1217 necnon
1002 1152 1277 1217 luculentissima
1290 1173 1425 1218 morum

173 1249 341 1327 precepta
360 1242 542 1306 continens
556 1292 563 1305 .
575 1239 798 1304 inenarrabili
813 1239 990 1304 fructuum
1008 1239 1108 1326 copia
1127 1239 1273 1304 affluens
1286 1291 1294 1303 .
1308 1247 1425 1304 necta-

173 1349 303 1412 reaquc
316 1328 499 1392 dulcedine
515 1328 690 1393 studiosos
704 1347 859 1412 quosque
872 1328 1020 1390 lectores
1033 1325 1200 1390 reficiens.
1213 1327 1268 1389 Ex
1285 1325 1426 1391 officina

173 1413 375 1480 Melchiaris
391 1417 428 1499 (l)
443 1413 612 1480 Lottheri.
634 1415 737 1479 Anno
754 1437 774 1478 a
797 1413 1021 1480 reconciliata
1041 1413 1224 1478 diuinitate
1239 1413 1424 1478 Millesimo

174 1500 746 1587 quingentesimodccimosexto.—

228 1606 267 1659 4⁰.
286 1604 367 1674 goth.
387 1623 452 1658 cuin
472 1623 495 1660 s.
515 1607 578 1658 sinc
598 1610 671 1658 cust.
692 1609 722 1658 et
740 1621 822 1674 pagg.
843 1621 921 1657 num.
940 1621 963 1658 s.
977 1603 1042 1656 loco
1062 1601 1138 1670 (sed:
1157 1603 1295 1673 Lipsiae).
1317 1603 1347 1655 lo
1361 1602 1426 1657 ff.-

172 1691 340 1761 (Praecedit
355 1692 481 1762 epistola
496 1691 682 1759 dedicatoria,
701 1691 752 1745 i'cr.
765 1690 804 1745 H.
817 1697 886 1760 post
897 1689 1002 1744 iacobi
1012 1690 1033 1756 ¹)
1055 1689 1120 1742 1516
1138 1688 1208 1742 data
1226 1707 1244 1742 a
1261 1689 1308 1744 Fr.
1329 1689 1425 1759 „Mar-

173 1779 234 1832 tino
252 1779 285 1830 dc
297 1777 400 1844 Locha,
419 1796 441 1834 s,
461 1778 550 1832 theol.
569 1779 652 1848 prol,
666 1779 771 1832 abbate
786 1777 1055 1846 Ueteris-cellon,
1073 1778 1214 1848 inscripta
1233 1778 1370 1848 „principi
1389 1775 1425 1830 dc

172 1865 295 1933 Anbalt,
314 1867 414 1918 comiti
431 1863 467 1918 dc
480 1865 668 1920 Asscbkonia
686 1865 862 1935 (lorrnnoque
880 1866 910 1917 in
923 1863 1102 1933 Boruburg“,
1119 1865 1148 1916 iu
1168 1880 1226 1934 qua
1244 1863 1334 1918 abbas
1349 1863 1426 1933 „diui

172 1951 338 2006 Bernhardi
358 1953 515 2008 verborum
534 1953 691 2024 evangelii:
719 1951 817 2006 Stoboi
839 1952 917 2006 iuxta
936 1967 1039 2005 crucem
1056 1952 1125 2005 Jaru
1150 1956 1234 2005 uiator
1251 1951 1317 2018 eius,
1336 1952 1424 2004 inter-

172 2046 393 2110 pretamentum
406 2046 458 2094 aut
471 2039 733 2110 explanationem“‚
747 2057 834 2109 (luam
847 2041 982 2110 prinecps
999 2043 1163 2109 optaverat,
1177 2056 1209 2092 se
1225 2041 1341 2092 mittere
1355 2040 1424 2092 scri·

174 2125 226 2180 bit.
239 2126 378 2180 Laichios
397 2130 513 2196 asserit,
528 2127 701 2196 „Martinam
720 2125 756 2182 do
770 2127 870 2180 Locha
888 2127 963 2178 hanc
982 2127 1153 2193 orationem,
1172 2143 1239 2178 cum
1257 2125 1376 2180 dccsset
1394 2127 1424 2178 in

172 2212 400 2268 collectionibus
419 2232 541 2284 opcrurn
559 2213 728 2284 Bernhardi‚
753 2215 878 2283 primum
898 2212 1052 2282 cdidissc“‚
1070 2210 1209 2281 additque
1229 2211 1313 2266 hacc:
1334 2211 1424 2282 „Sup-

173 2303 274 2370 posita
287 2301 449 2370 videbatur,
466 2299 545 2370 quod
562 2300 650 2355 stilus
667 2302 764 2354 nrinus
777 2302 938 2368 castigatus
952 2304 1041 2368 essct,
1054 2298 1106 2353 sed
1119 2299 1238 2351 dubium
1251 2299 1318 2354 Jon
1330 2297 1425 2353 Glich·

173 2395 282 2440 tovcus
309 2387 439 2456 sustulit,
464 2390 514 2457 qni
538 2387 575 2440 ad
599 2387 646 2442 lib.
672 2385 708 2441 de
733 2386 834 2440 dolore
855 2389 924 2456 virg.
950 2389 979 2440 in
998 2405 1075 2456 pass.
1099 2386 1150 2441 iiiii
1169 2404 1192 2440 c.
1211 2387 1235 2443 5.
1255 2389 1279 2442 6.
1301 2388 1342 2441 14.
1360 2404 1426 2440 eam

173 2473 317 2527 Bernardi
336 2477 453 2529 nomine
466 2473 801 2530 advocat-Destinata
819 2474 873 2528 litt.
890 2474 912 2530 1.
930 2473 1110 2529 ton-Risi.
1123 2475 1193 2528 Litt.
1211 2473 1246 2528 dc
1266 2474 1295 2527 la
1313 2475 1425 2528 Franco

172 2559 261 2615 XIII.
281 2563 380 2615 5⁸26.-
392 2562 482 2616 Lcicb
501 2562 734 2616 tiu-Maitona
747 2562 780 2616 V.
800 2561 827 2616 b.
845 2561 904 2616 503.
917 2591 943 2600 -
955 2561 1076 2630 Panzcr‚
1095 2563 1170 2616 Anu.
1190 2561 1262 2633 'I'yp
1281 2561 1345 2616 VII.
1367 2563 1425 2616 192.

172 2647 209 2702 N.
228 2649 288 2702 539.
300 2680 324 2689 -
343 2649 394 2704 Vis.
414 2667 450 2704 ex
469 2649 599 2703 biblioth.
619 2651 747 2704 univers.
768 2647 963 2714 Halae-Sam).
976 2678 1003 2688 -

227 2733 263 2790 N.
284 2736 313 2789 l:
329 2738 347 2790 i.
367 2755 391 2790 e.
409 2736 544 2792 XXVIII
560 2737 580 2791 J
584 2736 640 2790 ulii.
654 2768 680 2776 —-
695 2736 729 2790 N.
748 2737 773 2792 2.
799 2737 975 2806 Vetus-Uelio,
992 2736 1126 2807 Aliunde,
1140 2736 1208 2790 Ord.
1223 2737 1344 2792 Cistcro.
1362 2753 1424 2790 mo-

173 2825 339 2876 nasterinm
358 2825 387 2876 in
406 2826 528 2894 antiqua
545 2823 655 2878 ditione
674 2831 705 2877 et
723 2823 851 2878 dioecesi
869 2824 1021 2879 Misnensi.
1033 2853 1060 2863 -

230 2945 591 3032 toa-opuseulum
609 2950 811 3015 multarum
833 2946 1013 3014 bonarum
1030 2967 1156 3014 rerum
1179 2947 1425 3032 confertum),

175 3040 215 3096 ut
227 3041 326 3096 sunt:
339 3033 381 3099 D.
395 3033 583 3118 Augustini
595 3033 850 3114 Meditationes‚
864 3032 1057 3117 Soliloquia
1070 3033 1284 3096 cthanuale.
1299 3033 1332 3097 8.
1346 3033 1425 3098 Ber·

174 3121 275 3184 nardi
290 3121 424 3202 epistola
438 3127 467 3185 ct
481 3143 582 3186 samo
598 3123 636 3186 dc
648 3123 800 3202 pransione
816 3119 948 3184 Domini
964 3119 1113 3206 (aliaque
1130 3142 1172 3184 ex
1189 3119 1223 3184 S.
1236 3120 1340 3184 Petro
1353 3120 1423 3184 Da·

175 3205 294 3288 miani,
311 3229 338 3270 s.
355 3208 532 3290 Anselm0,
545 3207 729 3273 Vincentio
746 3208 819 3272 ord.
836 3207 956 3272 Praed.
973 3214 1037 3272 etc.
1055 3214 1094 3270 ut
1108 3207 1147 3273 N.
1156 3207 1246 3291 305).
1257 3207 1286 3270 V
1288 3206 1423 3290 nuntiis,

175 3293 215 3357 P.
234 3295 305 3379 off)
321 3293 577 3380 Bergomensis.
596 3304 726 3358 1516.-

232 3395 281 3448 160
292 3396 321 3452 ff.
347 3395 400 3450 12⁰.
423 3397 505 3467 goth.
520 3428 546 3437 -
561 3396 736 3468 (Audiffredi
760 3396 853 3452 Catal.
880 3398 1016 3452 casanat.
1043 3397 1066 3451 I.
1091 3399 1151 3450 344.
1170 3427 1195 3436 —
1211 3397 1307 3451 Booca
1332 3396 1423 3454 Catal.

175 3483 213 3537 N.
231 3483 308 3539 2196.
319 3483 520 3539 -Rosenthal
538 3484 630 3541 Catal.
649 3485 691 3539 28.
709 3484 743 3538 N.
762 3483 850 3556 4403).
861 3516 886 3525 -

229 3570 264 3626 N.
285 3571 314 3624 1:
334 3571 369 3627 al.
389 3575 526 3642 refertum.
545 3572 619 3640 (vid.
639 3571 673 3626 N.
693 3573 856 3642 305).-N.
876 3574 906 3625 2:
925 3572 986 3628 soll.
1006 3574 1112 3628 Petrus
1131 3573 1167 3628 de
1182 3573 1389 3644 Quarengis-

718 3743 758 3807 A.
781 3744 881 3807 1517:

229 3867 361 3938 400.—
374 3871 422 3955 (S.
441 3871 660 3939 Bernartius
682 3871 717 3934 F
717 3873 805 3938 iores.
827 3872 882 3956 -—)
903 3873 1008 3937 desus
1028 3873 1136 3937 maria
1153 3923 1160 3937 .
1178 3872 1276 3938 Liber
1298 3876 1423 3939 contiuo

174 3957 305 4048 (torulus
320 3979 340 4020 a
356 3965 476 4022 sancto
489 3959 659 4024 Borrtordo
672 3958 763 4022 clare
776 3957 876 4022 vallis
893 3959 1019 4024 abbate
1032 3959 1174 4024 metrico
1187 3962 1424 4025 accumulatus

176 4065 257 4107 cum
274 4051 469 4108 commento
485 4044 641 4128 magistri
657 4043 817 4109 iohannis
831 4045 854 4110 J
857 4045 989 4112 arsonis
1008 4054 1161 4112 tractans
1178 4048 1221 4110 de
1237 4047 1423 4113 virtutibus

177 4135 213 4194 et
223 4128 326 4194 viciis
339 4131 529 4194 secundum
541 4142 706 4218 precepta
719 4131 774 4196 dci
787 4138 822 4196 et
834 4133 979 4196 ecclesie
993 4134 1036 4198 ad
1052 4134 1170 4218 fugam
1182 4141 1423 4219 peccatorum.

177 4221 213 4280 et
228 4215 434 4281 electionem
453 4216 588 4282 illorum
605 4239 748 4305 operum
762 4269 768 4283 .
781 4242 848 4303 quo
864 4219 1038 4284 hominem
1054 4221 1249 4307 perducunt
1266 4221 1424 4287 addeum

176 4301 348 4368 finaliter.
363 4326 440 4367 cum
452 4305 601 4370 maxima
614 4304 796 4389 diligentia
807 4306 849 4369 de
865 4328 957 4372 novo
972 4309 1174 4371 uniendatus
1190 4317 1224 4371 ct
1237 4317 1423 4374 correctae.

177 4389 273 4475 (Seq.
289 4390 377 4475 sign.
394 4397 493 4488 typi.
510 4392 739 4457 Vcnundatnr
749 4393 912 4477 Lugdmri
926 4417 946 4457 a
957 4394 1107 4459 Martino
1120 4394 1253 4459 boillon
1270 4394 1424 4460 eiusdem

179 4475 332 4541 civitatis
353 4476 544 4563 bibliopola
564 4487 599 4544 et
619 4478 695 4544 cive
709 4529 716 4544 .
729 4479 766 4543 in
785 4480 864 4545 vico
884 4481 1083 4546 memorali:
1107 4503 1217 4568 prope
1236 4481 1424 4568 imaginem

178 4571 296 4628 sarrcte
313 4563 421 4628 Mario
436 4566 649 4650 magdalene.
664 4567 705 4630 Iu
720 4567 798 4648 fine,
815 4567 874 4632 fol.
888 4567 1017 4633 CXIII.
1035 4570 1099 4634 col.
1114 4583 1151 4634 2:
1167 4569 1321 4656 Explicit
1336 4570 1424 4633 liber

177 4648 290 4714 floreti
302 4651 510 4737 ,Impressas
522 4653 687 4738 Lugduni
701 4676 764 4739 per
775 4655 1000 4720 Laurentium
1016 4655 1149 4742 hylaire
1159 4706 1166 4720 .
1176 4657 1278 4721 Anno
1292 4656 1423 4722 domini
