3352 5280
773 453 805 522 V

156 671 261 715 secus
282 670 322 714 ao
344 646 505 735 genuinis
525 648 623 715 locus
645 657 829 737 competat,
852 648 1072 737 poematibus
1088 649 1125 714 in
1140 648 1209 714 fine
1226 645 1406 715 collocatis

155 737 281 802 ordine
300 736 478 801 literarum
497 736 553 801 hic
574 736 728 802 breviter
748 743 981 820 recensentur,
1002 743 1182 802 auctorum
1197 735 1407 817 nominibus

155 823 219 890 ubi
243 823 286 888 de
309 822 353 888 iis
373 829 521 907 constat,
546 823 700 888 adnexis,
723 825 825 889 Hanc
841 824 975 905 seriem,
999 822 1060 888 sed
1083 829 1118 887 et
1133 823 1407 907 qualemcunque

154 911 321 992 futuram,
333 910 471 997 plenam
489 932 563 976 esse
579 933 650 976 non
666 933 779 998 posse,
793 911 852 996 qui
866 909 1019 996 ingentis
1034 909 1193 975 codicum
1207 907 1305 974 MSS.
1322 908 1408 972 mul-

154 997 320 1062 titudinis
343 997 547 1082 meminerit,
571 998 673 1062 t'aoile
696 998 872 1083 largietur.
897 997 1067 1064 Uenetum
1085 997 1216 1080 damus,
1240 995 1323 1060 licet
1337 1015 1408 1059 non

155 1085 325 1170 exiguum
353 1091 388 1148 et
415 1106 458 1148 ex
481 1082 557 1171 ipso
586 1083 651 1150 hoc
680 1085 769 1151 libro
798 1084 1012 1170 augendum,
1045 1084 1105 1148 sed
1134 1105 1213 1148 oum
1240 1082 1303 1147 sub
1320 1083 1409 1168 fictis

154 1172 422 1260 inscriptionibus
446 1179 610 1258 excerpta
632 1193 694 1237 seu
716 1173 912 1258 fragmenta
933 1170 1165 1322 penninarum
1188 1168 1356 1234 librorum
1372 1169 1407 1234 S.

154 1257 330 1324 Bernardi
353 1258 460 1322 latere
484 1259 629 1344 possint,
642 1282 674 1323 ·e
687 1258 864 1324 nonnullis
880 1258 916 1322 in
956 1257 1061 1323 ictam
1078 1255 1202 1322 seriem
1218 1255 1409 1343 suscipien-

154 1346 213 1410 dis
238 1344 478 1427 abstinuimus,
503 1345 651 1410 certiora
666 1384 693 1393 -
707 1346 736 1409 si
750 1343 940 1410 lectoribus
956 1344 1173 1410 innotuerint
1184 1381 1218 1392 -
1230 1342 1274 1408 ab
1291 1364 1410 1408 eorum

156 1431 378 1497 humanitate
402 1439 654 1518 exspectantes

267 1526 297 1582 1.
320 1517 374 1582 De
398 1517 513 1584 Amore
534 1518 609 1584 Dei.
627 1558 654 1567 -

321 1605 600 1689 Antiphonamum
623 1605 693 1670 vid.
719 1618 791 1671 101.
806 1645 832 1653 -

321 1693 429 1756 Aurea
440 1693 640 1774 psalmorum
656 1693 724 1757 VH
738 1691 1040 1780 poenitentialium
1055 1691 1237 1780 expositio,
1253 1691 1323 1756 vid.
1338 1703 1411 1756 8.-

321 1777 450 1843 Bellum
472 1782 555 1844 inter
578 1781 774 1863 Babylonem
798 1787 875 1863 eto,
898 1778 968 1844 vid.
994 1790 1044 1844 50.
1059 1818 1087 1828 -

269 1875 299 1928 2.
323 1865 451 1930 Bellum
475 1867 512 1931 de
529 1867 720 1950 perfectione
742 1888 902 1932 servorum
925 1866 990 1932 Dei
1013 1867 1064 1951 (in
1085 1865 1211 1950 Mes).
1229 1903 1264 1915 -

268 1960 298 2016 3.
321 1953 449 2018 Bellum
471 1955 621 2034 quomodo
645 1955 781 2035 eripoitur
801 1955 913 2018 anima
935 1975 956 2018 a
978 1954 1067 2020 vitiis
1091 1952 1142 2040 (in
1163 1952 1288 2036 Mes).
1303 1991 1330 2000 —

268 2051 298 2103 4.
322 2039 529 2105 Breviorium
553 2041 586 2105 S.
609 2040 776 2105 Bernarili
799 2040 849 2124 (in
871 2039 1034 2125 MSS).—

320 2126 375 2190 De
402 2124 738 2203 anastomotica,
762 2126 832 2193 vid.
857 2138 908 2192 50.
923 2165 949 2174 -

270 2223 299 2276 5.
326 2213 523 2294 Colloquium
539 2216 716 2296 precatoris
739 2219 767 2280 et
790 2215 931 2299 crucifici
953 2213 1050 2280 Jesu.
1063 2251 1098 2262 -

325 2299 520 2382 Colloquium
545 2301 684 2367 Simonis
708 2323 786 2367 cum
809 2299 834 2366 J
836 2322 907 2384 eeu,
930 2299 1000 2366 vid.
1027 2313 1124 2367 12.-
1178 2341 1187 2362 .

271 2395 300 2450 6.
327 2385 578 2453 Omnmmtamus
600 2389 635 2452 in
658 2387 895 2472 Apocalypsin
911 2423 946 2436 -

272 2484 300 2537 t.
327 2473 579 2540 Gornmentarius
594 2477 629 2539 in
644 2474 745 2540 Pauli
759 2475 910 2557 epistolas
930 2473 1004 2559 (qui
1025 2481 1078 2542 est
1096 2473 1266 2539 Bernardi
1287 2471 1410 2540 Clevo-

154 2558 293 2642 nensis,
315 2557 588 2646 Augustiniani).
605 2598 639 2608 -

270 2655 300 2710 8.
328 2645 578 2714 Commentarius
597 2650 632 2712 in
651 2647 799 2715 Psalmos
813 2649 1064 2730 poenitentiales,
1089 2648 1131 2713 al.
1149 2649 1258 2713 Aurea
1270 2648 1413 2730 psalom-

155 2755 236 2798 rnm
258 2738 374 2814 septem
391 2737 668 2816 poenitentialium
690 2737 842 2816 expositio
866 2733 1078 2818 (innocentii
1100 2733 1154 2799 ΙΠ
1177 2733 1215 2799 Ρ.
1238 2733 1310 2818 Μ.).
1328 2772 1355 2781 -

271 2829 301 2884 9.
328 2820 553 2886 Commentatio
578 2823 679 2886 brevis
697 2823 733 2886 in
756 2821 902 2887 Cantici·
916 2821 1118 2887 Canticoram
1139 2823 1253 2904 priora
1275 2822 1336 2886 cleo
1362 2842 1413 2886 ea·

153 2909 245 2990 pita,
273 2928 315 2970 ex
338 2905 372 2971 S.
389 2906 558 2972 Bemardi
579 2908 804 2974 Sermonibus
825 2915 997 2992 contexta,
1021 2908 1081 2972 ubi
1101 2909 1158 2990 ,de
1175 2908 1309 2990 Triplici
1328 2913 1414 2974 statu

159 2995 325 3070 amoris‘¹;
351 2993 456 3058 breve
484 2995 737 3081 compendium,
766 2995 859 3078 quod
887 2994 923 3058 in
950 2994 1166 3081 praefatione
1193 2993 1315 3060 tertiae
1342 2994 1414 3058 edi-

160 3079 273 3145 tionis
295 3079 564 3146 Mabillouianae
589 3105 629 3168 ,a
656 3082 803 3166 quodam
831 3081 971 3146 homine
999 3082 1156 3147 studioso
1184 3088 1219 3146 et
1245 3081 1303 3168 pio
1333 3102 1414 3147 con-

161 3165 363 3316 cinlpatumu
396 3167 552 3252 habetur,
580 3169 708 3233 rectius
735 3175 850 3232 autem
879 3168 1066 3235 Guillelmo
1095 3191 1116 3233 a
1139 3168 1172 3232 S.
1196 3167 1413 3233 Theoderico

160 3252 213 3318 tri
238 3252 340 3318 uitur.
359 3292 387 3301 -

276 3351 323 3404 10.
351 3341 673 3408 b'ommentatiunenla
686 3345 720 3406 in
732 3344 881 3425 bpmnum
896 3343 1001 3428 ,lesu
1017 3349 1137 3408 nostra
1148 3339 1374 3427 redemptio“.
1384 3379 1410 3388 —

275 3439 323 3490 11.
351 3427 566 3511 Ocnj'essionis
579 3431 729 3511 prismae
742 3430 897 3512 farinula,
915 3451 992 3493 seu:
1012 3429 1173 3512 Confessio
1191 3426 1224 3492 S.
1237 3427 1412 3505 Bernardi,

161 3537 249 3579 seu:
279 3513 388 3579 Oratio
408 3518 599 3596 poenitentis
625 3518 669 3580 acl
699 3515 859 3580 Christum
888 3517 1098 3592 devotissima,
1133 3537 1239 3600 ,quae
1267 3515 1302 3580 S.
1330 3515 1415 3578 Ber-

162 3601 277 3667 nardo
300 3621 370 3665 non
389 3603 479 3666 male
499 3602 749 3688 adjudicatur“.
774 3603 877 3688 (lncz
902 3603 944 3665 In
963 3601 1092 3667 unione
1115 3600 1330 3666 acerbissimi
1354 3600 1413 3667 do-

160 3686 252 3754 loris
274 3688 349 3773 tui).
363 3725 398 3736 -

348 3775 402 3839 De
429 3775 582 3858 b'onjtictu
606 3777 745 3842 ciuitatis
768 3777 917 3860 Babplon
940 3783 1016 3858 etc,
1040 3775 1110 3839 vid.
1135 3786 1186 3839 50.
1202 3813 1236 3822 -

351 3861 578 3943 Gontcnrplotio
602 3863 639 3926 ae
656 3865 808 3944 passione
832 3863 973 3940 Domini,
997 3862 1067 3926 vid.
1092 3872 1144 3926 36.
1160 3899 1193 3910 —

275 3959 323 4012 12.
350 3947 602 4014 Declamationes
622 3951 659 4012 de
680 3950 828 4031 colloquio
849 3949 989 4014 Simonis
1008 3970 1077 4014 cum
1098 3949 1188 4026 Jesn,
1212 3971 1254 4012 ex
1279 3948 1313 4012 S.
1329 3947 1414 4012 Ber·

162 4033 266 4100 nardi
298 4035 513 4100 sermonibus
539 4057 558 4099 a
584 4035 763 4118 Gaul'rido,
796 4036 870 4122 ejus
894 4036 1040 4118 notario,
1070 4035 1254 4116 collectae;
1287 4034 1416 4120 passim

162 4121 373 4208 inscriptae:
403 4123 582 4187 Sententiae
604 4129 746 4204 acceptae
773 4146 814 4186 ex
843 4122 1018 4208 opusculis
1046 4120 1255 4186 venerabilis
1280 4120 1415 4186 abbatis

163 4208 403 4274 Claraevallis.
419 4209 509 4273 lna:
530 4208 629 4273 Dixit
644 4207 764 4274 Simon
781 4210 904 4274 Petrus
921 4209 964 4273 ad
980 4210 1003 4274 J
1006 4231 1119 4274 esum:
1141 4209 1233 4273 Ecce
1254 4229 1317 4274 nos
1339 4208 1416 4272 reli-

161 4296 306 4382 quimus
330 4295 446 4360 omnia
469 4303 504 4360 et
526 4295 636 4360 secuti
660 4318 777 4360 sumus
801 4304 845 4361 te.
871 4295 1191 4378 (Matth.19,2‘1).-

276 4393 326 4447 13.
349 4382 404 4446 De
431 4383 597 4448 clamne
617 4385 730 4448 miincli
753 4391 788 4447 et
811 4406 925 4448 rerum
949 4384 999 4468 (in
1022 4381 1148 4468 Mes).
1166 4420 1192 4429 —

349 4468 507 4551 Dialopus
529 4471 667 4547 animae,
693 4469 760 4534 vid.
786 4481 837 4534 55.
855 4510 881 4518 -

276 4567 326 4621 14.
349 4556 403 4621 De
426 4556 594 4639 Dipnitate
618 4557 846 4640 sacerdotum,
875 4557 917 4623 al.
939 4556 981 4620 de
1001 4557 1199 4622 Excellentia
1220 4557 1416 4622 sanctissimi

163 4645 368 4710 Scerammti
384 4646 452 4730 (est
463 4643 604 4730 proprie
620 4665 699 4730 pars
718 4643 981 4729 ,instructionis
997 4643 1220 4724 sacerdotis“,
1232 4642 1303 4722 vid.
1314 4643 1415 4726 35).-

350 4729 403 4796 De
427 4729 599 4815 Dilipenilo
624 4731 735 4808 ileum,
759 4731 829 4795 vid.
855 4743 906 4796 39.
925 4770 951 4778 -
