3316 5258
121 635 221 694 XVII
238 633 358 692 anilus
375 631 549 690 denomino
566 631 656 689 Jesu:

396 775 401 782 ,
568 719 589 776 J
590 736 645 776 esu
661 718 757 776 dulcis
775 719 925 776 memoria.

174 809 296 867 Jubilus
313 808 363 864 vel
380 807 518 864 stimulus
537 809 752 880 compassionis
770 806 806 862 de
823 808 943 862 nomine
960 805 981 862 J
982 821 1050 862 aen:

481 894 502 951 J
503 911 556 951 esu
575 893 685 950 Christi
704 893 792 950 celeri
808 896 1007 950 miseratione.

122 982 238 1039 XVIII.
262 982 308 1038 De
328 984 531 1038 incarnatione
553 981 717 1038 Salvatoris
737 983 833 1038 nostri
853 981 1115 1037 familiarissimum
1135 977 1371 1050 Duchloquium:

388 1070 453 1126 Ave
471 1087 545 1142 puer
562 1069 694 1141 parvule,
714 1069 871 1126 Coelorum
889 1086 942 1124 rex
959 1068 1103 1124 subilmis.

120 1157 207 1213 XIX.
228 1157 330 1212 Oratio
348 1156 387 1212 ad
404 1175 495 1212 unum
515 1157 667 1228 quodlibet
687 1157 886 1213 membrorum
904 1156 1014 1214 Christi
1031 1157 1171 1229 patientie
1188 1157 1220 1210 In
1238 1172 1336 1210 cruce:

559 1245 656 1315 Salve,
674 1244 776 1300 mundi
795 1244 938 1300 Salutare.

178 1331 281 1387 Oratio
301 1331 339 1386 ad
355 1331 462 1387 Iesum
479 1337 510 1387 et
527 1333 665 1388 Mariam:

489 1419 608 1475 Summe
627 1422 734 1476 summi
752 1425 785 1474 tu
803 1419 900 1475 Patris
919 1419 1013 1475 unice.

179 1505 281 1562 Oratio
300 1505 337 1562 de
354 1508 515 1578 gratiam
533 1507 713 1564 actionibus:

383 1594 430 1650 Ad
448 1595 553 1652 beatae
571 1595 724 1652 Irinitatis
742 1595 949 1668 simplicisque
966 1595 1106 1652 Unitatis.

124 1681 195 1736 XX.
213 1681 382 1738 Bernartius
399 1685 430 1738 in
447 1699 575 1756 persona
593 1681 715 1739 ChrIsti:

483 1771 581 1826 Homo
601 1769 676 1841 vide,
695 1787 771 1843 quae
789 1788 842 1844 pro
861 1775 891 1826 te
909 1773 1014 1844 patior.

178 1856 323 1913 Salutatio
341 1856 378 1912 de
396 1859 536 1929 passione
553 1863 585 1913 et
602 1859 665 1914 vita
683 1857 801 1929 Christi,
820 1858 856 1915 el.
876 1858 995 1915 Sextum
1013 1857 1138 1914 Christi:

447 1947 521 2018 Ave,
538 1945 558 2001 J
560 1963 614 2001 esu
632 1945 775 2018 conditor,
793 1949 904 2003 veritas
922 1947 1040 2004 etrite.

179 2031 310 2088 Granum
328 2030 510 2088 devotionis:

419 2119 462 2176 'Ie
479 2125 515 2175 ut
531 2122 562 2176 in
578 2123 751 2177 memoriam
767 2139 913 2195 revocem,
931 2122 1076 2179 Salvator.

122 2204 209 2262 XXI.
226 2205 352 2280 Hymni:

531 2296 697 2352 Recordare
716 2303 837 2354 sanctam
855 2300 963 2365 crucie;

541 2390 584 2440 et:
602 2384 769 2442 Recordare
787 2386 879 2442 frater
895 2387 952 2458 pie.

123 2469 225 2526 XXII.
244 2470 365 2527 Mariale
381 2487 436 2527 seu
453 2470 490 2527 de
508 2471 660 2530 Laudibus
678 2474 711 2528 B.
730 2473 874 2544 Virginis:

350 2559 392 2615 Ut
406 2559 554 2632 jucundas
573 2559 686 2617 Cervus
705 2577 797 2634 aquas
816 2563 966 2618 Aestuane
984 2559 1140 2617 desideret.

123 2643 241 2701 XXIII.
261 2645 415 2702 Canticum
433 2645 470 2703 de
487 2647 575 2704 laude
593 2648 627 2702 B.
645 2647 756 2704 Mariae
775 2648 812 2704 ad
830 2653 945 2722 septem
962 2647 1052 2706 boras
1070 2651 1241 2706 canonicas:

318 2733 429 2806 Gaude,
447 2735 564 2808 plaude,
583 2735 661 2791 clara
678 2753 755 2806 rosa,
773 2736 847 2792 Esto
866 2725 981 2793 moest'o
1000 2753 1068 2792 oara
1084 2754 1181 2810 prosa.

125 2819 239 2876 XXIV.
257 2823 321 2878 Ave
338 2821 429 2879 Maris
448 2822 543 2880 stella.

123 2907 220 2962 XXV.
238 2908 368 2964 Deliciae
380 2910 491 2967 Mariae
502 2911 639 2983 Virginis,
657 2912 693 2966 al.
706 2911 825 2969 anilus
839 2912 866 2968 S.
880 2912 1023 2968 Bernardi
1034 2912 1073 2968 ad
1085 2913 1208 2970 Mariam
1220 2911 1371 2986 Virginem

240 2995 276 3050 de
295 2997 430 3053 omnibus
449 2997 559 3054 deliciis
579 2998 726 3070 ejusdem:

490 3085 586 3158 Salve,
605 3093 709 3143 sancta
726 3093 821 3144 meter
838 3087 903 3143 Dei.

179 3169 282 3226 Oratio
300 3170 338 3226 ad
355 3171 490 3228 Mariam:

507 3262 587 3318 Idole
604 3279 726 3334 pressus
745 3261 835 3334 hujus
853 3262 997 3320 miseriae.

125 3347 238 3406 XXVI.
256 3347 445 3420 Antiphonae
463 3349 499 3405 de
516 3350 550 3406 B.
569 3350 676 3405 Maria:

381 3436 468 3492 Alma
484 3436 659 3493 redemtoris
677 3442 780 3508 mater,
798 3453 874 3508 quae
890 3437 994 3509 pervia
1011 3436 1094 3494 coeli.

381 3527 447 3580 Ave
464 3525 566 3596 regina
583 3524 740 3580 coelorum.

380 3614 446 3667 Ave
463 3611 564 3683 Maria,
583 3611 690 3668 ancilla
707 3612 860 3668 Trinitatis
878 3612 1043 3668 humillima
1061 3617 1115 3669 etc.

125 3696 254 3754 XXVII.
272 3697 414 3754 Planctus
432 3700 561 3770 Virginis
578 3699 704 3756 Mariae:

576 3788 717 3844 Planctus
736 3794 805 3843 ante
822 3789 930 3843 nescia

126 3872 271 3930 XXVIII.
289 3873 467 3930 Psalterium
485 3875 519 3930 Β.
537 3874 661 3930 Mariae:

577 3963 650 4032 Ave,
668 3963 750 4033 virgo
770 3962 924 4032 virginum.

127 4049 241 4106 XXIX.
259 4047 478 4120 Dulciloquium
497 4049 525 4104 S.
544 4048 685 4104 Bernardi
703 4049 741 4104 ad
758 4049 791 4104 B.
811 4048 974 4120 Virginem:

526 4137 637 4206 Gaude,
656 4135 763 4193 sedens
780 4139 810 4191 iu
830 4135 942 4192 decore.
956 4168 981 4176 -

181 4223 329 4294 (Bibliogr.
349 4223 385 4278 de
403 4224 433 4278 la
450 4224 562 4279 Franco
577 4224 652 4279 1890.
664 4224 698 4280 N.
712 4223 789 4279 2813.
801 4255 824 4263 -
838 4224 892 4280 Vis.
908 4241 944 4279 ex
955 4222 1088 4280 biblioth.
1102 4222 1190 4294 palat.
1203 4223 1337 4292 Monac).
1348 4253 1374 4264 -

183 4338 545 4427 2742.-(11aureau.
559 4342 615 4425 —)
632 4339 698 4406 Des
707 4347 832 4422 pcbmcs
849 4340 946 4404 lulius
961 4339 1115 4405 attribues
1130 4343 1151 4403 d
1166 4337 1261 4404 Sciat
1270 4337 1374 4404 -Bcr·

127 4428 222 4492 nard.
239 4426 273 4491 B
292 4428 425 4512 arihel]
440 4428 607 4510 Haurcau,
630 4427 782 4492 membre
800 4427 842 4490 de
857 4424 1035 4490 I'Institut.
1059 4426 1193 4512 (Revue
1216 4424 1373 4512 critane,

127 4512 227 4578 Paris
369 4563 376 4579 .
396 4525 489 4580 1890.
505 4515 547 4580 N.
565 4518 631 4601 aa).
645 4513 760 4580 -Vid
777 4513 820 4580 N.
835 4511 932 4582 2741.
946 4551 974 4560 -

182 4643 280 4713 2743.
303 4683 346 4694 -
368 4645 605 4731 (fflawatsch.
628 4643 684 4729 -)
711 4644 844 4728 Predipt
865 4665 918 4710 am
941 4641 1036 4710 Festa
1059 4644 1116 4716 des,
1136 4643 1179 4708 tl.
1199 4641 1374 4708 Restare

129 4729 200 4797 und
226 4729 284 4796 bei
311 4731 541 4818 Gelegenheit
566 4732 627 4798 dor
652 4730 884 4817 Einweihung
909 4731 970 4795 der
994 4729 1070 4796 vier
1096 4727 1373 4794 neuerriohteten
