3352 5280
263 475 426 554 tantaque
442 466 570 532 sensim
585 471 771 552 —praeter
792 463 962 529 editiones
989 461 1132 528 iteratas
1147 461 1363 529 -librorum
1386 463 1429 528 de
1449 461 1506 530 hie

266 589 380 656 illisve
396 587 602 674 scriptorum
617 585 726 652 moles
749 585 785 650 in
801 585 915 651 lucem
939 583 1088 669 emersit,
1112 592 1151 650 ut
1166 607 1247 650 vere
1261 584 1386 650 mirum
1402 606 1507 672 appa·

262 717 348 796 reat,
371 708 543 776 neminem
564 708 656 774 inter
676 706 833 774 literatos
856 707 907 772 illi
924 707 1109 793 diligenter
1136 713 1171 773 et
1193 707 1332 794 penitus
1349 706 1508 794 digeren-

262 833 327 899 dae
349 853 489 897 manum
505 830 700 897 admovisse
723 837 826 916 atque
850 851 937 918 opus
961 852 1131 914 exarasse,
1155 829 1249 915 quod
1272 837 1308 894 et
1320 830 1413 896 Divo
1429 829 1506 896 viro

262 956 406 1042 dignum
420 953 511 1020 foret
525 960 560 1018 et
574 953 649 1040 ejus
666 953 857 1019 cultoribus
869 954 1031 1041 placeret.
1050 952 1216 1038 Contigit,
1233 955 1330 1018 ecce!
1348 960 1396 1036 ut,
1414 953 1509 1038 quod

262 1075 396 1142 tamdiu
410 1076 690 1154 desideravimus,
713 1075 780 1162 ipsi
798 1075 1017 1158 auderemus,
1042 1074 1174 1140 utinam
1198 1081 1233 1139 et
1256 1075 1446 1160 contingat,
1468 1083 1510 1140 ut

263 1198 396 1285 inclyto
418 1198 558 1265 nomine
582 1206 617 1264 et
638 1199 807 1264 lectorum
829 1197 991 1265 laudibus
1015 1198 1158 1284 dignum
1181 1197 1366 1264 habeatur!

359 1319 430 1387 Ubi
456 1319 619 1386 nimirum
645 1320 825 1386 materiem
853 1320 1043 1404 ,Originum
1073 1322 1358 1400 Gistaroiensium‘ss
1384 1322 1510 1408 quibus

264 1440 418 1508 omnium
434 1441 681 1510 coenobiorum
697 1442 835 1509 Ordinis
857 1443 968 1510 nostri
983 1441 1205 1509 fundationes
1221 1442 1510 1530 describerentur,

262 1562 412 1650 primum
436 1564 599 1650 colligere
623 1565 800 1652 coepimus
825 1588 864 1630 ao
887 1573 1030 1652 propter
1050 1565 1247 1654 permultae,
1272 1587 1360 1650 qnae
1378 1565 1511 1632 Charac-

269 1683 357 1751 Valli
379 1686 521 1753 exordia
544 1686 727 1770 debebant,
755 1687 878 1772 quavis
900 1687 973 1752 fere
1001 1687 1130 1774 pagina
1157 1687 1190 1753 S.
1213 1687 1252 1752 P.
1277 1687 1320 1753 N.
1343 1687 1512 1753 Bernardi

262 1827 390 1874 nomen
402 1807 625 1874 offendimus:
642 1808 745 1874 simul
760 1809 929 1894 quidquid
942 1811 984 1874 ad
1001 1809 1075 1896 ejus
1088 1809 1195 1876 vitam
1211 1817 1247 1875 et
1258 1831 1363 1896 opera
1374 1815 1510 1896 specta·

263 1928 335 2013 bat,
358 1929 508 1995 maxima
523 1951 605 1996 cura
621 1930 873 2015 adnotavimus,
897 1932 971 1998 sive
989 1932 1117 1998 nostris
1134 1931 1207 1997 sive
1224 1930 1370 1998 aliorum
1385 1930 1510 1998 studiis

266 2050 452 2136 aliquando
475 2051 732 2118 inserviturum.
755 2052 884 2118 Rarum
908 2053 958 2118 sic
976 2059 1217 2138 congestarum
1240 2075 1402 2118 numerus
1419 2075 1510 2120 anno

262 2171 635 2238 MDOCGLXXXVH
656 2171 875 2258 ingrediente
899 2175 989 2239 ultra
1010 2174 1104 2240 mille
1128 2175 1294 2240 ascendit.
1325 2176 1401 2254 Quo
1424 2183 1510 2241 tem·

264 2315 347 2382 pore
375 2317 481 2380 quum
500 2297 535 2362 in
554 2303 688 2382 partem
703 2297 947 2361 moderaminis
975 2298 1203 2378 ,Xeniorumffi
1228 2298 1271 2362 ab
1296 2297 1510 2363 antistitibus

265 2425 300 2484 et
314 2417 542 2485 conventibus
554 2417 754 2504 provinciae
765 2418 1189 2505 Austriaoo-Hungaricae
1203 2419 1351 2503 Ordinis,
1368 2427 1511 2487 octavos

264 2543 397 2609 natales
428 2541 620 2607 saeculares
648 2543 682 2608 S.
710 2541 879 2606 Bernardi
906 2543 1150 2627 celebraturae,
1178 2543 1390 2608 edendorum
1418 2542 1511 2628 (vid.

265 2689 298 2752 p.
322 2664 400 2750 490)
415 2684 618 2730 vocaremur
634 2685 744 2749 eoque
760 2687 901 2728 munere
918 2672 1079 2752 suscepto
1096 2665 1180 2730 tomi
1197 2664 1399 2752 posterioris
1417 2665 1511 2750 ,Ori-

265 2787 404 2873 ginum“
430 2784 620 2851 elaboratio
645 2786 757 2852 cidem
778 2809 868 2852 anno
884 2787 1041 2873 jubilaeo
1058 2787 1232 2852 destinata
1253 2787 1510 2874 prohiberetur:

266 2917 305 2976 ut
326 2917 446 2977 nostro
463 2931 599 2994 quoque
624 2910 756 2976 calamo
780 2911 821 2974 ad
845 2911 934 2974 tanti
949 2910 1015 2975 viri
1039 2909 1208 2974 solemnia
1230 2909 1335 2994 digne
1351 2910 1512 2976 obeunda

265 3031 426 3097 nonnihil
456 3031 682 3115 conferamus
711 3033 925 3096 collectanea
949 3031 1010 3096 illa
1036 3039 1116 3098 octo
1139 3031 1257 3096 lustris
1286 3041 1454 3118 congesta
1475 3034 1512 3098 in

268 3153 424 3219 ordinem
453 3153 620 3238 redigere,
647 3154 748 3219 novis
775 3175 901 3238 augere
932 3161 1035 3239 atque
1065 3155 1347 3237 ,Biblioprophiae
1368 3157 1512 3222 Benar-

267 3277 381 3343 diaoc“
396 3276 498 3342 titulo
515 3275 682 3362 inscripta
700 3276 863 3362 ,Xeniis“
878 3277 1067 3364 adjungere
1085 3277 1339 3343 constituimus.
1355 3278 1512 3342 Arduum

268 3420 350 3464 sane
377 3419 464 3485 opus
496 3421 606 3484 eoque
634 3399 822 3484 difficilius,
851 3401 944 3485 quod
970 3399 1161 3464 miserrima
1187 3399 1387 3466 valetudine
1416 3398 1512 3466 labo·

266 3527 382 3588 rantes
410 3521 484 3609 jam
514 3522 596 3587 inde
624 3545 644 3588 a
674 3522 873 3607 quindecim
904 3522 1003 3588 annis
1030 3545 1073 3587 ne
1102 3521 1337 3609 proximanum
1371 3521 1511 3607 quidem

267 3641 557 3710 bibliothecarum
573 3644 702 3711 scrinia
717 3653 879 3710 excutere
894 3644 1082 3732 potuimus,
1105 3666 1231 3729 magna
1245 3665 1328 3710 vero
1344 3644 1511 3711 librorum

269 3765 370 3852 copia
385 3787 472 3854 opus
488 3767 564 3852 fuit,
587 3775 627 3834 ut
648 3791 703 3833 res
718 3791 760 3833 ex
776 3775 859 3834 voto
876 3771 1090 3856 procederet.
1113 3770 1160 3834 Et
1175 3767 1346 3856 processit
1360 3789 1402 3832 ex
1418 3775 1511 3850 voto,

269 3890 362 3974 quod
373 3891 540 3979 praetecti
552 3892 725 3958 LXXXV
740 3892 1031 3959 bibliothecarum
1044 3890 1213 3956 editiones
1226 3911 1369 3976 operum
1381 3887 1416 3955 S.
1432 3887 1513 3953 Ber-

268 4013 368 4080 nardi
383 4013 559 4100 librosque
575 4015 618 4080 ad
634 4014 748 4102 ipsum
764 4021 960 4102 spectantes
977 4036 1063 4100 quos
1081 4013 1280 4079 custodiunt
1296 4035 1366 4078 non
1381 4019 1514 4078 tantum

270 4139 314 4205 ad
335 4145 490 4205 nostram
506 4137 743 4222 cognitionem
757 4137 1003 4203 humanissime
1017 4137 1243 4224 pertulerunt,
1260 4135 1319 4199 sed
1337 4134 1441 4200 etiam
1455 4155 1514 4200 vo-

269 4260 401 4328 lumina
424 4283 501 4326 rara
515 4260 736 4349 pretiosaque
748 4281 874 4344 magno
890 4281 992 4346 saepe
1009 4281 1151 4324 numero
1167 4258 1441 4346 transmiserunt,
1456 4281 1514 4326 ne·

270 4407 336 4471 que
360 4383 545 4450 defuerunt
568 4405 610 4448 ex
635 4382 754 4448 amicis
776 4382 906 4447 nostris
933 4389 969 4446 et
994 4380 1251 4467 promotoribus
1273 4381 1430 4448 laborum
1453 4405 1513 4450 no·

270 4513 429 4590 atrorum,
453 4506 514 4592 qui
536 4505 658 4572 titulos
682 4527 824 4593 operum
848 4503 915 4570 sibi
937 4503 1170 4570 iudicatorum
1184 4501 1321 4588 aliaque
1344 4502 1515 4590 excripse-

270 4635 351 4695 runt
374 4634 409 4694 et
429 4626 614 4694 nobiscum
637 4601 945 4693 communicarunt.
969 4624 1101 4706 Quibus
1129 4624 1289 4691 omnibus
1312 4630 1348 4690 et
1369 4623 1514 4710 singulis
