3378 5284
841 447 994 546 -ar—r—

299 636 435 702 Closter
456 633 717 700 Liechtentball
740 633 821 699 Ord.
845 635 991 702 Cisterc.
1022 657 1091 702 von
1114 635 1157 700 R.
1180 633 1219 700 P.
1243 634 1368 700 Jouune
1389 635 1542 718 Baptista

298 724 406 807 Moyr,
427 723 506 788 Ord.
523 723 558 786 S.
574 721 767 806 Benedicti,
783 723 854 786 Des
870 723 992 810 freyen
1007 721 1394 788 Reichs·Gottes-Haus
1415 723 1468 788 St.
1484 724 1540 789 Ul-

295 809 370 874 rich
394 811 464 874 und
486 809 572 874 Afra
593 807 629 872 in
648 810 837 895 Augspurg
857 809 1008 876 Proi'ess.
1024 808 1235 875 Dermahlen
1256 808 1296 874 In
1320 809 1398 874 dem
1422 809 1541 896 freyen

295 895 784 962 Reichs·Hoch-Adelichen
809 895 905 961 Stiiit
930 896 1168 962 Fretum-Alb
1193 895 1273 961 Ord.
1301 894 1336 960 S.
1359 897 1541 962 Benedicti

296 983 594 1048 BeichtVattern.
614 981 813 1069 Angspurg,
832 983 1015 1134 gedruekt,
1035 984 1106 1048 und
1122 1007 1166 1048 zu
1179 981 1296 1047 finden
1316 981 1385 1070 bey
1401 984 1426 1050 J
1429 983 1542 1049 chaun

297 1069 411 1136 Jacob
433 1070 556 1136 Lotter
581 1073 745 1135 173141.
770 1079 811 1135 30
862 1107 913 1134 .-

350 1173 427 1244 (Not.
446 1189 483 1228 ex
500 1171 632 1228 biblioth.
651 1179 777 1228 monast.
797 1172 919 1244 Ossae).
932 1202 959 1214 -

354 1321 449 1391 1529.
462 1361 503 1368 —
516 1322 690 1405 Wokoun,
704 1321 774 1386 dan
789 1322 980 1404 Antonin¹):
1001 1320 1135 1387 Pulchri
1151 1343 1278 1404 precem
1299 1323 1335 1386 in
1356 1322 1541 1389 calceamur

299 1411 341 1476 lis
354 1411 447 1496 filiae
465 1410 643 1492 priuatim
665 1407 801 1494 pulchri
824 1429 963 1494 gressus
985 1406 1023 1472 in
1044 1407 1287 1474 calceameutis
1307 1407 1369 1472 lilii
1395 1409 1541 1474 comitis.

298 1495 399 1560 Aneb
422 1497 592 1579 rozirtany'
614 1501 664 1561 s'at
686 1517 731 1560 66.
747 1495 922 1560 Bcrnardo
945 1493 1063 1560 slavne
1086 1518 1123 1560 se
1146 1494 1320 1582 stkvlijici.
1338 1495 1369 1559 V
1389 1495 1498 1561 Praze
1519 1519 1541 1561 6

299 1583 390 1649 Jana
411 1583 455 1647 K.
479 1581 610 1667 Hraby,
637 1593 729 1646 1731.
746 1585 793 1646 4⁰.
814 1593 850 1646 14
867 1581 903 1646 ff.
920 1620 953 1631 -

352 1686 478 1754 (Jiroeek
497 1685 535 1740 11.
555 1685 580 1740 b.
599 1685 659 1740 329.
671 1715 698 1726 ·-
710 1685 776 1739 Nol.
796 1701 831 1738 ex
850 1685 983 1739 biblioth.
1003 1689 1128 1740 monast.
1147 1684 1343 1756 51166661).-

352 1773 386 1827 N.
408 1773 436 1826 l:
460 1773 627 1827 Wolcoun=
644 1773 766 1842 Volcano,
791 1771 819 1826 S.
838 1770 940 1826 'l'beol
958 1772 1019 1842 Dr,
1043 1772 1199 1844 presbyter
1222 1773 1391 1844 Pragensis,
1415 1773 1540 1830 damnus

300 1857 514 1914 Vedianensis.
526 1891 551 1898 -

356 2007 451 2075 1530.
465 2047 506 2055 -—
519 2010 671 2094 (Briqer.
685 2012 740 2095 --)
763 2011 904 2078 Prrcnne
921 2013 1109 2090 Solstitium,
1131 2033 1200 2097 quo
1215 2035 1229 2098 J
1236 2034 1290 2077 am
1310 2033 1381 2079 non
1402 2011 1542 2078 inelina-

300 2092 395 2158 bitur
414 2095 498 2178 dies,
521 2095 580 2159 sed
600 2095 698 2182 jugis
717 2097 878 2163 meridies
898 2121 1063 2188 vesperae
1084 2099 1252 2196 cujusque
1274 2098 1414 2164 umbras
1435 2109 1541 2164 exter-

300 2179 455 2262 minabit,
470 2181 535 2246 hoc
556 2194 624 2247 est:
641 2183 829 2251 Beatitudo
849 2185 988 2252 ultimus
1006 2186 1156 2251 homrnrs
1172 2185 1251 2250 finis
1266 2185 1302 2249 in
1320 2186 1436 2251 ducali
1454 2209 1541 2251 asce-
1666 2243 1667 2256 .

301 2267 388 2332 torio
404 2267 444 2336 B.
460 2267 505 2332 M.
522 2269 562 2334 V.
581 2269 623 2334 de
641 2271 956 2358 Campo-Liberum
973 2273 1052 2337 Ord.
1070 2272 1213 2338 Cisterc.
1234 2271 1271 2336 in
1290 2271 1389 2338 ini'er.
1404 2273 1542 2338 Austria
1666 2271 1667 2342 l

302 2355 379 2439 sito,
399 2355 523 2420 viatori
549 2379 591 2420 ex
610 2357 806 2422 scholarum
831 2383 895 2424 uau
917 2369 1103 2444 utcumque
1122 2359 1298 2446 patefacta
1318 2367 1422 2444 atque
1443 2383 1485 2424 ex
1500 2383 1542 2424 ss.

301 2440 368 2505 ΡΡ.
393 2440 541 2528 scriptis,
565 2443 750 2530 praecipue
773 2445 928 2510 melliflui
951 2445 1116 2511 Doctoris
1141 2445 1174 2514 S.
1197 2447 1363 2511 Remurdi
1395 2454 1430 2511 et
1453 2469 1495 2511 ex
1515 2446 1542 2510 Ι.

302 2539 331 2592 2.
356 2551 377 2593 6
399 2535 530 2613 quaest.
553 2541 568 2594 1
592 2531 633 2594 ad
659 2543 699 2629 5,
724 2537 759 2594 et
782 2555 824 2596 ex
847 2533 1099 2684 6Ἥ1661111.
1123 2533 1231 2619 partis
1252 2555 1272 2596 a
1295 2541 1428 2617 quaest.
1450 2544 1490 2600 80
1511 2540 1543 2596 et

301 2637 322 2679 a
341 2623 472 2700 quaest.
490 2627 529 2680 96
550 2617 697 2701 angelici
717 2619 819 2683 Doct.
837 2620 869 2687 S.
941 2641 1039 2684 omae
1060 2620 1264 2684 adumbrata
1290 2619 1409 2685 addito
1431 2619 1542 2685 indice

301 2724 364 2788 pro
389 2725 453 2768 usu
480 2703 578 2768 verbi
612 2702 719 2769 divini
748 2727 958 2791 praeconum
984 2729 1005 2771 a
1027 2706 1066 2772 P.
1094 2707 1240 2771 Candido
1263 2705 1423 2792 Bripcr¹),
1456 2707 1542 2793 ejus-

302 2789 380 2854 dem
400 2789 471 2855 ord.
490 2800 525 2854 et
543 2801 690 2856 monast.
709 2794 880 2858 monacho
921 2793 1064 2873 rofesso,
1080 2793 1201 2859 Priore
1218 2793 1346 2858 actuali
1368 2801 1404 2859 et
1422 2793 1542 2880 inclyti

301 2874 488 2941 viee-rietus
518 2877 713 2943 secretorio.
744 2880 848 2945 Anno
918 2879 1147 2946 DOOXXXI.
1173 2879 1340 2945 Orembsii
1373 2880 1541 2964 Austriae,

302 2961 396 3048 typis
419 2963 548 3049 ignatii
570 2963 717 3029 Antonii
741 2965 876 3050 Praexl,
901 2989 990 3032 anno
1018 2975 1109 3032 1732.
1134 2976 1174 3031 87
1189 2989 1247 3053 pp.
1272 2971 1357 3032 4⁰.—

355 3066 463 3130 (Xenia
479 3065 663 3123 Beruardiua
680 3069 736 3123 111.
754 3069 924 3125 een-Nor.
944 3087 980 3124 ex
998 3069 1129 3124 bibliotb
1150 3075 1275 3126 monast.
1295 3069 1461 3144 Gampilil.).
1474 3102 1499 3112 -

354 3154 388 3208 N.
409 3153 437 3208 l:
456 3159 545 3209 natus
565 3154 625 3211 Uul.
644 3155 711 3211 Jen.
734 3155 810 3228 1689,
827 3155 847 3226 †
865 3157 951 3212 XXV
970 3157 1040 3212 Dec.
1062 3157 1172 3213 1760.-

358 3313 501 3382 1531.-
512 3315 657 3401 Bnpor:
677 3317 932 3399 (1666ωεὶ966666,
949 3337 1047 3381 sacro
1067 3317 1122 3380 vel
1142 3315 1311 3402 sacrilego
1327 3317 1408 3402 igne
1425 3338 1542 3382 accen-

303 3422 371 3485 sus,
403 3422 548 3487 quorum
572 3403 718 3468 alterum
742 3403 940 3488 accendere,
973 3403 1118 3468 alterum
1142 3402 1362 3490 exstinguere
1384 3403 1422 3468 in
1443 3401 1542 3468 nobis

302 3488 454 3553 salvator
476 3487 591 3554 venit:
616 3511 762 3574 quorum
785 3511 855 3556 uno
880 3489 921 3556 ad
945 3511 1097 3576 perenne
1121 3489 1318 3573 solstitium,
1342 3490 1412 3556 alio
1428 3489 1472 3555 ad
1486 3511 1542 3576 pe-

218 3591 220 3598 ·
302 3596 409 3639 renue
433 3573 642 3662 supplicium
665 3575 803 3642 vehitur
825 3577 940 3660 homo,
966 3576 1003 3640 id
1027 3583 1095 3645 est:
1118 3578 1229 3641 Actus
1251 3576 1403 3660 humani,
1428 3575 1543 3662 quiin

303 3661 431 3726 celebri
463 3670 498 3726 et
528 3661 643 3726 ducali
665 3663 827 3728 Austriae
856 3663 956 3729 inl'er.
987 3660 1068 3728 Ord.
1092 3663 1176 3728 Cist.
1199 3663 1413 3728 Monasterio
1436 3661 1543 3728 Vallis

302 3749 343 3813 B.
367 3748 413 3813 M.
429 3749 470 3813 V.
495 3749 537 3812 de
562 3771 683 3836 campo
706 3750 884 3833 Liliorum,
908 3772 953 3816 ss.
976 3748 1043 3813 ΡΡ.
1068 3750 1175 3815 ductu
1199 3759 1234 3815 et
1257 3749 1457 3838 cumprimis
1481 3748 1542 3815 sub

302 3833 459 3900 melliflui
482 3835 645 3902 Doctoris
667 3859 693 3904 e.
709 3836 875 3902 Bemordi
898 3843 934 3902 et
956 3836 1105 3923 angelici
1127 3836 1291 3903 Doctoris
1307 3859 1333 3902 s.
1350 3835 1503 3903 Γ11161666
1517 3835 1543 3900 Ι.

303 3933 382 4005 266,
407 3945 427 3986 a
449 3924 652 4006 quaestione
677 3935 694 3987 6
720 3923 762 3986 ad
787 3935 838 3988 21.
861 3922 1060 4008 magisterio
1084 3923 1291 3988 scholastica
1314 3931 1395 3988 sunt
1417 3923 1545 3988 trutina

226 4087 232 4100 ι
304 4008 501 4094 examinati,
526 4031 603 4074 cum
627 4010 745 4075 addito
769 4009 884 4074 indice
908 4011 950 4074 ed
974 4032 1075 4074 usum
1096 4011 1194 4076 verbi
1212 4009 1320 4076 divini
1335 4031 1544 4096 praeconum

304 4095 452 4182 adjectu,
484 4118 574 4162 anno
602 4108 694 4163 1731.
730 4096 899 4162 Crembsii
922 4096 1094 4180 Austriae,
1124 4097 1219 4184 typis
1249 4096 1376 4182 Ignatii
1400 4095 1544 4164 Antonii

303 4183 439 4264 Praexl,
463 4204 554 4249 anno
581 4194 716 4248 1732-
741 4193 802 4250 211
828 4206 885 4270 pp.
910 4187 996 4249 4⁰.-

356 4287 433 4359 (Not.
454 4303 490 4342 ex
509 4286 640 4343 biblioth.
659 4291 785 4342 monast.
805 4287 967 4358 campilli).
980 4319 1006 4329 -

359 4446 452 4515 1532.
464 4485 501 4496 -
517 4447 580 4514 Bri
605 4468 661 4515 er:
690 4447 793 4529 Opera
807 4448 843 4511 iu
863 4448 918 4512 hoo
937 4449 1053 4513 666616
1072 4469 1135 4513 666
1156 4449 1193 4512 dc
1211 4447 1407 4524 1666666616,
1423 4445 1458 4510 id
1476 4453 1542 4510 eet:

304 4536 414 4599 Actus
431 4533 571 4598 humani
581 4467 681 4616 ioni,
704 4533 862 4620 virtutes,
886 4534 986 4616 dona,
1003 4533 1234 4599 beatitudines
1251 4541 1287 4599 et
1299 4533 1433 4598 tinctus
1448 4531 1544 4619 spiri·

304 4631 361 4687 tus
377 4619 497 4686 sancti.
514 4620 556 4684 In
571 4621 679 4684 Imem
695 4621 867 4686 secundae
884 4621 1080 4686 S.Thomee
1097 4643 1116 4686 a
1133 4628 1263 4706 quaest.
1281 4630 1332 4686 55.
1348 4621 1392 4686 ad
1409 4630 1459 4704 70,
1473 4618 1543 4705 qui-

304 4709 371 4778 bus
395 4707 431 4772 in
455 4705 657 4794 quaestione
673 4717 724 4772 22.
748 4707 791 4772 ad
816 4719 866 4773 54.
890 4715 1059 4795 praeeunt
1074 4707 1253 4795 passiones
1270 4713 1305 4773 et
1320 4706 1470 4773 habitus.
1491 4705 1543 4772 Ex
