3398 5270
862 381 1016 478 L

575 569 651 635 Ave
666 569 762 634 selue
775 569 889 656 gande
905 570 984 635 uele

572 655 681 720 merie
695 655 795 741 uirgo
809 679 879 722 non
893 657 1034 722 uernele

573 742 634 807 sed
649 741 703 807 hie
718 743 806 810 rosis
822 743 978 831 spiritale

575 828 639 893 hibi
655 830 771 916 pleeio
785 853 878 896 nune
896 831 1024 896 crinale

571 915 761 1000 figurarum
775 917 929 983 flosculis
945 920 1036 1002 (ete,
1055 927 1095 982 50
1110 917 1297 1004 strophae),

313 1025 458 1090 querum
475 1003 584 1067 denae
599 1025 619 1066 e
633 1003 830 1069 vocubulis:
847 1005 924 1082 Ave,
942 1005 1044 1083 Salve,
1068 1005 1189 1082 Gaude,
1213 1005 1299 1082 Vale,
1320 1005 1479 1072 ΟΜαήα
1500 1006 1567 1070 ini-

313 1092 401 1156 tium
419 1097 569 1155 sumunt.
590 1090 790 1174 Sequuntur
808 1091 947 1177 hymni:
969 1093 1083 1157 Stabat
1104 1097 1205 1157 mater
1220 1093 1383 1172 deloresa;
1402 1093 1565 1158 OMariu

313 1183 413 1244 maier
420 1180 501 1261 piru·
519 1179 580 1242 Oro
596 1182 624 1242 te
638 1179 742 1242 devote
758 1179 858 1244 lateris
874 1181 999 1244 veritus.
1020 1179 1062 1244 ln
1078 1179 1156 1263 fine,
1171 1179 1302 1244 F4v0:
1324 1179 1434 1246 Oratio
1443 1203 1453 1244 :
1472 1179 1566 1265 „Do-

313 1263 406 1330 mine
425 1264 525 1328 ihesu
544 1263 671 1328 ehriste
688 1264 747 1349 qui
768 1264 856 1330 hene
875 1265 1143 1330 secretissimam
1165 1286 1302 1331 earnem
1320 1269 1434 1331 tnem“
1453 1276 1524 1330 ete.
1540 1305 1566 1313 -

365 1368 430 1424 4⁰.r
446 1367 475 1423 ff.
488 1367 504 1420 2
517 1366 582 1423 eoll.
596 1367 638 1421 eh
655 1373 710 1422 roi.
724 1371 788 1422 siue
803 1368 864 1423 ulle
878 1373 958 1424 note.
968 1400 994 1408 -
1004 1369 1076 1437 (Vis.
1090 1387 1126 1424 ex
1139 1369 1271 1423 biblioth
1284 1369 1374 1440 pelet.
1388 1369 1527 1440 Mense).
1538 1400 1563 1408 -

368 1489 443 1560 288.
453 1531 494 1538 -
507 1491 716 1578 (Speculum
730 1492 762 1559 b.
777 1492 963 1560 Bernurdi.
977 1495 1032 1576 -)
1048 1492 1077 1555 F
1091 1502 1125 1556 1:
1145 1489 1275 1578 Incipit
1291 1491 1458 1573 Speculum
1480 1491 1567 1556 beuti

315 1579 653 1644 Bernharuinebatis.
667 1577 717 1642 De
725 1578 974 1644 Honestatevite.
987 1579 1065 1643 Lin.
1077 1587 1113 1644 3:
1126 1577 1222 1642 Petis
1235 1601 1255 1641 s
1267 1601 1322 1642 me
1334 1577 1383 1642 fili
1396 1587 1432 1642 et
1444 1579 1564 1643 freter.

314 1662 648 1818 gnlffiiffiegiin.
659 1675 715 1728 29:
732 1663 875 1728 insidias
889 1665 1018 1731 diaboii
1034 1687 1077 1730 ne
1094 1674 1129 1730 te
1145 1665 1297 1730 ebdueeh
1308 1664 1351 1729 eb
1365 1666 1424 1729 eie.
1438 1667 1565 1730 Amen.

366 1857 404 1911 4⁰.
417 1858 431 1908 4
445 1853 474 1908 ff.
487 1853 517 1908 li.
530 1855 573 1922 33,
587 1853 630 1908 eh.
642 1851 733 1924 geth,
750 1853 813 1908 sine
829 1855 904 1924 sign.
917 1861 990 1909 eust.
1004 1873 1051 1925 pp.
1064 1872 1153 1924 num.,
1164 1853 1184 1908 l.
1198 1872 1222 1908 u
1240 1861 1270 1908 et
1286 1861 1346 1926 hyp.
1358 1872 1387 1909 n.
1397 1884 1423 1892 -
1434 1853 1510 1919 (Vis.
1529 1869 1565 1906 ex

314 1941 448 1997 biblioeh.
460 1941 549 2012 palai.
562 1939 746 2012 Vindobon.).
758 1972 783 1979 -

367 2063 442 2133 289.
455 2102 497 2112 —
513 2065 722 2150 (Speculum
740 2064 840 2132 beati
858 2065 1045 2132 Bernerdi.
1063 2067 1118 2150 —)
1140 2064 1170 2128 F
1185 2075 1216 2128 1:
1240 2062 1370 2149 Incipis
1393 2063 1564 2144 Speculum

315 2152 399 2217 beati
409 2151 596 2216 Bernhardi
610 2150 735 2216 abbatis
747 2151 785 2214 de
799 2151 958 2217 honestate
973 2153 1046 2216 uile.
1062 2149 1115 2216 Ib.
1131 2151 1153 2216 l.
1164 2162 1200 2216 3:
1229 2150 1336 2235 Pheris
1353 2171 1373 2213 e
1388 2171 1443 2216 me
1459 2148 1513 2213 fili
1529 2155 1564 2212 eh

314 2240 429 2304 frater.
441 2238 470 2302 F
480 2248 499 2303 4
511 2237 534 2302 l.
549 2248 586 2302 19
598 2259 604 2301 :
621 2237 775 2324 Explicit
787 2238 966 2322 speculum
978 2237 1161 2302 bernhardi
1174 2152 1310 2302 abhatis
1323 2238 1365 2301 de
1377 2237 1562 2301 honestate

314 2325 397 2390 viee.
413 2325 465 2389 Ib.
481 2328 503 2388 i.
518 2335 574 2388 21:
594 2324 756 2406 Incipiunt
775 2331 840 2390 ecte
853 2330 976 2408 puncta
989 2375 996 2388 .
1009 2327 1167 2390 mediante
1186 2325 1298 2406 quibus
1312 2326 1501 2406 pervenitur
1519 2323 1562 2388 ed

309 2414 531 2497 perfectionem
543 2413 603 2476 vite
614 2412 811 2493 spiritualis.
822 2413 969 2478 eiusdem.
986 2413 1091 2476 Fevo
1103 2412 1194 2476 L‘iu:
1211 2411 1354 2476 insidiae
1368 2411 1502 2476 diaboli
1519 2431 1561 2473 ne

315 2514 349 2565 te
364 2499 514 2566 abducat
530 2498 572 2562 ab
589 2498 649 2563 eis.
665 2499 848 2584 Amen(.)¹)
872 2499 901 2562 F
912 2511 947 2562 9:
969 2497 1151 2562 Tractatus
1168 2498 1210 2562 de
1226 2497 1395 2564 Jeiuniis:
1419 2517 1561 2584 compo-

315 2587 401 2652 situs
417 2608 480 2674 per
495 2584 670 2650 deminum
686 2585 879 2650 Antonium
899 2585 941 2648 de
956 2584 1106 2650 Roseflis
1120 2634 1128 2649 .
1140 2585 1320 2670 utriusque
1339 2583 1424 2649 iuris
1440 2585 1562 2650 deoto-

314 2697 387 2739 rem
400 2722 408 2740 .
420 2671 559 2738 Finitus
574 2671 597 2736 f.
613 2681 663 2736 14.
677 2709 703 2718 —

365 2796 402 2850 4⁰.
415 2792 488 2848 2711.
502 2791 545 2847 eh.
558 2791 609 2846 lei.
622 2794 686 2846 sine
698 2789 760 2846 ulle
771 2797 850 2848 note.
860 2824 886 2831 -
896 2793 968 2859 (Vis.
982 2810 1019 2847 ex
1030 2792 1164 2848 biblioth
1175 2791 1263 2863 pelet.
1275 2791 1411 2860 Mones).
1421 2822 1446 2830 -

366 2882 400 2936 N.
412 2881 435 2936 1.
448 2880 550 2951 Usque
562 2880 598 2934 ed
611 2879 662 2934 fol.
674 2881 691 2934 8
703 2880 776 2934 haee
788 2879 877 2935 editio
892 2880 1043 2951 „Speeuli“
1056 2879 1214 2936 coneordat
1226 2897 1294 2934 cum
1305 2878 1365 2948 ille,
1379 2896 1467 2950 quem
1478 2879 1515 2932 N.
1527 2877 1560 2931 36

315 2969 537 3041 descripsimus:
551 2967 742 3038 distinguitur
753 2973 852 3022 eutem
865 2968 901 3021 eb
914 2967 966 3022 ille
977 2967 1093 3039 adjecto
1107 2969 1264 3039 „iheetetu
1277 2965 1314 3021 ds
1325 2966 1345 3022 J
1347 2967 1477 3022 eiuniis“.
1489 2996 1516 3006 -

367 3093 444 3162 290.
453 3132 494 3139 —
505 3091 571 3180 (De
580 3093 706 3160 Verbis
715 3093 873 3163 Simonis
886 3094 932 3160 ed
944 3093 1081 3160 Jesum.
1095 3093 1149 3176 —)
1163 3093 1205 3178 (F
1219 3091 1557 3175 lroveeei.)F1v0:

315 3181 445 3267 incipih
469 3181 547 3244 liber
568 3180 650 3243 beati
672 3181 823 3245 bernardi
845 3180 971 3246 abbatis
994 3180 1159 3245 eluruuih's
1180 3181 1217 3264 (l)
1242 3179 1280 3244 de
1301 3180 1405 3244 verbis
1427 3179 1560 3244 simonis

309 3272 397 3350 petri
419 3269 464 3334 ad
487 3270 585 3332 iesum
600 3318 606 3330 .
621 3266 663 3330 de
688 3266 848 3331 omnibus
871 3266 1106 3351 relinquendis
1120 3315 1128 3330 .
1142 3265 1357 3353 (Sequuntur
1381 3264 1558 3351 capitula).

314 3357 426 3421 Fsvo
442 3360 544 3418 vueuh
557 3403 564 3417 .
577 3353 606 3417 F
617 3363 652 3417 3:
669 3353 723 3418 De
744 3353 917 3439 colloquio
935 3353 1097 3439 Symonie
1112 3353 1208 3417 Petri
1230 3353 1273 3416 ed
1292 3352 1426 3416 hiesum
1440 3403 1447 3416 .
1461 3352 1560 3416 Dixit

315 3443 445 3528 Symon
458 3442 581 3506 Petrus
594 3441 636 3504 ad
649 3440 782 3505 hiesum
795 3445 901 3527 (ete).
913 3439 942 3504 F
952 3451 1049 3524 42νο,
1065 3440 1102 3504 in
1113 3440 1198 3504 fine:
1216 3439 1274 3526 qui
1289 3439 1386 3504 uenit
1399 3447 1438 3503 ut
1451 3438 1558 3504 uitem

315 3529 502 3594 habeamus
517 3526 634 3592 hiesus
651 3527 734 3592 chri.
752 3528 783 3592 d.
800 3551 834 3592 n.
852 3529 916 3592 effi.
934 3527 1029 3613 (sich
1043 3566 1070 3575 -

365 3635 472 3688 4⁰min.
485 3632 559 3687 4211:
572 3632 605 3684 25
617 3631 648 3686 ll.
661 3631 705 3687 eh.
717 3639 772 3684 rot.
786 3634 850 3686 sine
860 3637 933 3686 eust.
947 3633 1020 3702 sign.
1034 3649 1080 3701 pp.
1091 3649 1179 3700 uum„
1192 3634 1256 3686 sine
1270 3629 1287 3684 l.
1300 3647 1325 3683 a.
1337 3637 1368 3684 et
1377 3640 1437 3700 typ.
1447 3629 1557 3700 (Editio

314 3721 515 3792 pulcherrime..
526 3752 550 3758 -
563 3719 711 3773 Phrennes
724 3718 778 3773 III.
792 3719 851 3774 237.
862 3751 887 3758 -
901 3719 954 3774 Vis.
969 3737 1005 3773 ex
1018 3719 1119 3774 biblth.
1132 3719 1220 3790 pelet.
1235 3719 1418 3788 vindobon).
1429 3749 1455 3756 -

368 3847 495 3914 292-
508 3843 572 3930 (De
587 3845 671 3912 vire
686 3845 899 3912 christiane.
913 3851 968 3929 -)
991 3843 1024 3907 S.
1040 3844 1204 3908 Bernardi
1224 3842 1275 3907 De
1296 3846 1361 3907 viia
1382 3843 1557 3908 christiana

315 3933 530 3998 tractatulus,
544 3969 569 3977 —

365 4038 403 4089 4⁰.
416 4035 488 4089 5411:
502 4035 535 4087 22
549 4033 577 4088 il.
590 4033 633 4088 eh.
645 4033 726 4103 goth.
740 4036 803 4088 sine
816 4039 895 4089 note.
909 4033 1009 4104 (Forte
1025 4033 1185 4104 Ulirejecti,
1198 4032 1339 4088 Keieleer
1351 4036 1382 4086 et
1393 4031 1525 4102 Lesmpu
1538 4061 1558 4070 -

314 4124 393 4178 Hein
404 4123 438 4177 N.
451 4122 539 4193 2890).
550 4153 574 4161 -
