3398 5270
857 383 992 480 „⁴5³

288 573 322 628 N.
342 571 505 630 la-fflst.
523 572 594 628 Litt.
612 571 649 627 de
660 574 690 627 la
702 573 814 627 France
826 572 911 630 xm.
930 572 990 628 221.
1002 571 1163 638 -Paitoni
1181 570 1255 626 Bibl.
1268 570 1385 641 Volgar.
1405 570 1429 628 I.
1445 571 1506 628 168.
1520 603 1553 612 -

287 661 410 730 Panem,
422 662 497 715 Ama
510 665 571 732 typ.
584 660 623 716 11.
637 661 678 714 75.
691 659 724 714 N.
737 661 796 715 442.
806 691 833 702 -
844 659 951 715 Pinelli
963 659 1038 716 Bibl.
1050 659 1100 714 IV.
1114 658 1138 713 8.
1151 659 1185 712 N.
1199 657 1241 714 36.
1251 688 1277 700 -
1286 659 1385 722 Rossi,
1399 658 1551 715 Biblioth.

289 748 417 803 Borbon.
427 747 450 804 1.
461 747 519 804 306.
529 747 665 803 -Rossii
678 746 770 804 Oatal.
780 749 822 802 45.
831 778 857 788 -
868 747 934 804 Sex.
944 764 989 819 ap.
1000 745 1131 818 Argelati
1143 747 1208 810 5963
1223 745 1246 800 1.
1256 763 1281 801 a
1294 763 1320 818 p.
1334 745 1394 804 GV.
1404 747 1490 802 -Vis
1507 764 1550 802 ex

289 834 422 892 biblioth.
440 836 529 906 palat.
548 835 768 907 vindobon).-

347 956 421 1025 165.
438 957 481 1023 D.
499 959 663 1025 Benarni
674 961 766 1028 vite.
781 958 937 1023 Mutinae
957 969 1050 1024 1494.
1067 959 1151 1022 4⁰.-

342 1061 428 1124 (Note
438 1060 539 1118 d'ediz.
558 1061 584 1118 d.
604 1079 661 1118 sec.
674 1063 738 1117 XV.
757 1062 783 1116 d.
796 1063 915 1118 Bibliot.
935 1063 1016 1118 Silva
1028 1063 1058 1116 in
1072 1061 1213 1118 Oinisello
1229 1061 1267 1115 17.
1280 1060 1313 1116 N.
1326 1060 1375 1122 93:
1395 1059 1476 1116 uliud
1488 1077 1549 1115 ve-

289 1149 409 1218 stigium
428 1149 507 1204 illius
525 1149 590 1204 libri
609 1167 669 1204 non
687 1151 904 1222 reperimus).-

809 1299 844 1368 0.
859 1322 892 1368 a.
907 1302 1014 1367 1494:

347 1436 420 1506 166.
429 1475 471 1484 —
480 1438 680 1523 (Epistolae
691 1439 785 1506 duae
795 1439 829 1506 S.
838 1439 1026 1507 Bernardi.
1036 1437 1093 1520 —)
1105 1438 1134 1501 F
1146 1449 1160 1502 1
1176 1437 1261 1503 Tit:
1275 1437 1455 1524 Incipiunt
1467 1439 1547 1537 epi5

291 1523 380 1589 stole
396 1523 637 1610 pulcherrime.
654 1523 725 1589 divi
742 1524 876 1588 Aurelii
896 1522 1085 1610 Augustini
1108 1524 1345 1676 Hipponensis
1369 1525 1545 1613 Episcop1

291 1611 392 1676 valde
415 1611 518 1675 utiles
533 1611 600 1675 :Et
646 1611 733 1676 rimo
757 1611 897 1696 quidem
921 1612 964 1675 ad
987 1611 1128 1675 Petrum
1176 1612 1542 1690 iaconum:Questio:

291 1697 412 1763 Utrum
431 1696 513 1762 mali
525 1697 562 1762 in
574 1634 709 1762 iniiimc
722 1697 918 1784 peccabunt
927 1748 934 1762 .
944 1699 1029 1764 Post
1041 1697 1217 1796 Epistulas
1231 1699 1265 1763 S.
1280 1699 1470 1784 Augustini
1483 1721 1543 1764 ac-

293 1785 420 1849 cedunt
443 1785 601 1871 Epistola
624 1807 693 1850 una
715 1785 888 1850 Theodori
912 1785 1083 1849 'l'olletanr
1106 1785 1143 1868 (i)
1158 1785 1345 1871 Episcopi:
1360 1786 1402 1850 de
1420 1786 1545 1851 divina

293 1870 472 1958 Sapientia
483 1894 489 1936 :
500 1880 535 1936 et
550 1894 619 1936 una
635 1870 847 1936 (Noricorum
863 1871 1008 1935 ecclesie
1024 1871 1251 1958 hipponensis
1268 1873 1472 1959 responsiva
1495 1874 1543 1937 ad

292 1957 433 2022 beatum
456 1959 691 2044 Augustinum
715 1959 928 2058 Episcopum
947 1959 1105 2044 :Magnis
1128 1959 1290 2024 laudibus
1314 1969 1349 2023 et
1375 1959 1543 2047 precibus

293 2067 370 2110 eum
387 2055 550 2130 rogantes
567 2047 604 2130 (Ι)
621 2047 663 2110 ad
681 2069 717 2110 se
733 2055 879 2111 revertr:
901 2047 983 2110 dirce
1000 2047 1033 2110 S.
1051 2047 1215 2112 Berncrdi
1231 2047 1376 2124 sibilatis,
1393 2069 1544 2132 querum

293 2133 401 2197 altera
414 2133 618 2219 responsiva
633 2133 675 2197 ad
693 2134 926 2198 Senonensem
944 2133 1145 2218 episcopum
1157 2141 1332 2218 petentem
1344 2155 1387 2197 an
1401 2135 1446 2198 sit
1459 2157 1543 2220 pec·

293 2227 408 2284 catum
424 2219 578 2306 recipere
594 2220 775 2306 pecuniam
794 2221 835 2284 ed
853 2242 991 2284 usuram
1002 2243 1008 2284 :
1019 2221 1136 2304 altera,
1161 2220 1401 2284 Consolatoria
1419 2222 1464 2286 ad
1479 2245 1542 2308 pa-

292 2313 408 2371 rentes
433 2306 612 2372 cuiusdam
634 2305 770 2372 iuvenis
795 2306 1000 2372 Gaudisredi
1025 2307 1083 2392 qui
1107 2307 1228 2372 relicto
1253 2306 1369 2373 seculo
1392 2307 1543 2372 intravit

293 2393 506 2478 religionem.
523 2394 742 2459 Terminatur
757 2394 799 2458 ad
813 2395 871 2458 lin.
886 2405 937 2458 24.
950 2393 1081 2479 primae
1095 2393 1242 2480 paginae
1256 2393 1329 2458 folii
1344 2405 1395 2459 30.
1409 2403 1445 2460 et
1457 2395 1541 2460 sub-

292 2479 403 2545 ditur:
420 2481 613 2568 Impresum
629 2483 667 2568 (l)
683 2481 838 2546 Venetiis
854 2503 917 2568 per
932 2480 1184 2545 Bernardinum
1200 2480 1392 2546 Benalium.
1407 2521 1434 2530 —

342 2585 380 2639 4⁰.
399 2583 443 2640 ch.
461 2591 517 2638 rot.
530 2585 564 2638 29
576 2584 614 2655 ll,
634 2601 700 2638 cum
713 2587 766 2654 sig.
781 2586 844 2640 sine
857 2601 936 2640 num.
950 2591 980 2638 et
992 2589 1066 2640 cust.
1080 2615 1104 2624 -
1115 2584 1172 2652 Qui
1183 2584 1257 2638 liber
1268 2586 1338 2638 enni
1351 2591 1424 2640 nota
1436 2603 1543 2642 cerens

291 2671 530 2726 nonnisimendis
538 2671 755 2743 typographicis
761 2671 860 2727 diii'ert
872 2673 908 2726 ab
919 2671 1285 2727 editionchnetaXXIII.
1295 2672 1364 2726 Jun.
1376 2673 1442 2727 1494
1452 2673 1541 2742 tacta,

292 2759 338 2810 cui
348 2763 480 2829 ternpore
492 2759 643 2830 proxImus
657 2775 723 2812 esse
732 2757 856 2814 videtur.
866 2757 930 2812 Vid.
943 2759 976 2812 N.
989 2759 1057 2815 148.
1067 2789 1093 2800 -
1103 2759 1147 2813 De
1156 2759 1300 2825 LicteriiS,
1310 2759 1409 2830 Suppl.
1421 2759 1462 2814 88.
1473 2759 1541 2814 coll.

293 2843 361 2912 124).
371 2873 397 2884 -·

347 2955 419 3026 167.
437 2997 467 3004 -
486 2960 680 3040 (Elateius,
693 2961 748 3034 -l
765 2959 822 3024 Fl
839 2959 922 3024 Tit:
947 2959 1095 3025 Floretns
1117 2958 1154 3022 in
1177 2983 1213 3023 se
1238 2959 1419 3024 continens
1440 2982 1539 3025 sacre

292 3041 468 3130 theologie
493 3052 528 3109 et
544 3067 714 3111 canonum
729 3045 832 3110 fleres
848 3047 890 3110 ad
906 3046 1034 3132 gaudia
1047 3046 1198 3131 paradisi
1214 3045 1363 3110 finaliter
1380 3067 1439 3112 eos
1463 3047 1539 3133 (qui

293 3153 330 3194 se
346 3131 382 3194 in
398 3131 467 3196 illis
485 3131 764 3216 exereitauerint)
810 3134 1023 3197 erducentes.
1049 3134 1158 3216 (Infra
1184 3133 1264 3198 icon
1279 3133 1436 3231 magistri
1460 3157 1541 3198 eum

292 3216 428 3283 duobus
445 3218 634 3305 discipulis,
659 3220 696 3284 in
712 3157 880 3304 qualraee
894 3221 1073 3306 leguntur:
1090 3219 1253 3306 Accipies
1267 3227 1366 3300 tanti,
1385 3221 1539 3286 doctoris

293 3305 455 3389 dogmata
478 3305 614 3388 sancti).
638 3307 759 3372 Flvo:
783 3307 1005 3371 Prohemium
1021 3307 1164 3372 Florali.
1188 3308 1328 3392 (Terin.)
1344 3307 1422 3372 Fae
1438 3307 1460 3372 l.
1480 3317 1537 3372 19:

254 3427 261 3439 ·
292 3391 414 3456 Amen.
427 3392 518 3456 Dein
536 3392 762 3480 subscriptio:
779 3393 935 3480 Explicit
952 3393 1040 3458 liber
1056 3394 1196 3458 ficretus
1211 3393 1322 3459 Sancti
1334 3394 1495 3460 deneardi.
1510 3433 1537 3442 -

344 3496 381 3550 4⁰.
401 3495 434 3548 56
449 3495 478 3550 ff.
492 3495 524 3548 35
538 3496 567 3550 ll.
579 3497 609 3550 in
622 3503 715 3565 textu,
733 3498 766 3550 45
780 3499 809 3550 in
823 3503 987 3566 comment,
1007 3497 1049 3551 ch.
1060 3496 1140 3566 goth.
1154 3496 1221 3566 maj.
1237 3503 1266 3550 et
1277 3499 1355 3566 min,
1374 3515 1441 3551 cum
1454 3499 1537 3569 sign,

293 3583 356 3636 sine
374 3587 448 3636 cust.
470 3600 516 3652 pp.
535 3601 563 3638 n.
582 3583 599 3637 l.
619 3603 644 3637 a.
664 3589 694 3638 et
713 3591 732 3637 t.
751 3601 779 3637 n.
799 3583 875 3646 (sed:
898 3583 1047 3652 Coloniae,
1066 3583 1157 3639 Henr.
1177 3583 1439 3648 Quentell.-Brit.
1454 3584 1539 3654 Mus,

292 3667 355 3724 cat.
375 3669 484 3740 (Βοιῷ
499 3670 703 3734 ren-uenis,
718 3670 818 3741 Suppl.
830 3670 864 3725 n.
878 3669 1065 3725 assa-em
1077 3670 1119 3724 20.
1139 3670 1173 3724 n
1185 3669 1350 3726 ra-Hsn
1368 3670 1402 3724 n
1420 3669 1499 3726 2912.
1512 3701 1538 3711 -

291 3755 412 3825 Panzer,
425 3757 500 3811 Anu.
511 3761 571 3827 typ.
585 3756 634 3810 IV.
642 3757 742 3812 469.N.
756 3757 804 3812 179
814 3757 1033 3814 b.-Sinker23.
1043 3756 1077 3812 N.
1090 3756 1132 3810 89.
1142 3787 1168 3796 -
1178 3755 1356 3826 Weislinger
1368 3755 1431 3812 Cat.
1446 3755 1498 3827 23).
1512 3787 1538 3797 -

348 3877 419 3946 168.
428 3919 470 3926 -
484 3881 692 3956 (sermones
704 3881 748 3948 (le
761 3883 934 3966 Tempore
945 3879 1083 3964 aliique.
1092 3879 1148 3964 —)
1159 3879 1214 3944 Fl
1229 3879 1314 3944 Tit:
1332 3881 1428 3966 Opus
1442 3902 1537 3965 egre-

291 3965 387 4050 gium
403 3965 593 4031 beatissimi
610 3967 775 4031 Rerncrdi
791 3966 1003 4053 amplectens
1019 3987 1175 4032 sermones
1191 3966 1265 4032 eius
1282 3969 1319 4032 de
1335 3971 1489 4048 tempore:
1504 3974 1538 4031 et

292 4075 395 4138 super
416 4074 535 4117 omnes
551 4053 622 4117 fere
639 4054 747 4118 totius
764 4053 843 4118 anni
853 4054 1051 4137 festinitutes
1064 4103 1070 4118 .
1085 4052 1227 4118 omelias
1243 4076 1337 4135 snper
1353 4054 1478 4120 libais
1494 4060 1538 4119 est

293 4148 327 4204 et
343 4162 447 4226 super
462 4143 620 4223 evangetio
640 4140 760 4204 Simile
781 4149 833 4204 est
856 4162 1000 4224 regnum
1025 4141 1177 4205 celorum
1201 4141 1317 4206 decem
1343 4139 1537 4226 virginibus

292 4226 451 4312 Insignes
463 4227 638 4292 variorum
647 4229 800 4310 scripture
812 4249 976 4313 passuum
989 4230 1270 4308 interpretationes
1285 4228 1536 4312 nonnullasque

292 4313 417 4401 prefati
432 4313 540 4401 patris
545 4315 731 4396 parabolas,
744 4337 821 4379 eum
834 4336 972 4379 sermone
985 4317 1030 4379 ad
1038 4317 1153 4378 clinum
1161 4315 1305 4400 triginta
1317 4314 1433 4400 capita
1447 4335 1536 4378 com-

293 4403 484 4488 plectente:
499 4400 678 4486 tribusque
697 4424 792 4483 snper
809 4401 905 4466 Satn
923 4405 1033 4484 regino
1045 4403 1248 4478 sermonibus,
1262 4402 1355 4486 quod
1369 4423 1451 4466 sane
1463 4424 1536 4488 pre-

294 4489 558 4553 clarissimumo
587 4511 626 4553 us
643 4496 696 4552 est
713 4487 1048 4553 emendatissimum:
1073 4489 1115 4552 ad
1142 4489 1394 4553 exhortandum
1418 4511 1535 4575 preva-

292 4575 401 4641 lidum
418 4583 453 4640 et
470 4576 513 4640 ad
529 4575 551 4639 b
573 4598 617 4640 ne
632 4574 801 4660 beateque
824 4574 1015 4640 uiuendum
1032 4575 1438 4645 accommodatissimum.
1462 4576 1533 4642 Fa:

293 4664 477 4728 Sermones
492 4662 586 4728 beati
602 4662 771 4727 Bernardi
788 4661 924 4726 abbatis
942 4662 1152 4728 clareuallis:
1176 4662 1349 4750 incipiunt
1371 4662 1532 4728 feliciter:
