<?xml version="1.0" encoding="UTF-8"?>
<!DOCTYPE html PUBLIC "-//W3C//DTD XHTML 1.0 Transitional//EN"
    "http://www.w3.org/TR/xhtml1/DTD/xhtml1-transitional.dtd">
<html xmlns="http://www.w3.org/1999/xhtml" xml:lang="en" lang="en">
 <head>
  <title>
</title>
<meta http-equiv="Content-Type" content="text/html;charset=utf-8" />
  <meta name='ocr-system' content='tesseract 3.04.00' />
  <meta name='ocr-capabilities' content='ocr_page ocr_carea ocr_par ocr_line ocrx_word'/>
</head>
<body>
  <div class='ocr_page' id='page_1' title='image "./bibliographiabe01janagoog_0170.png"; bbox 0 0 3398 5270; ppageno 0'>
   <div class='ocr_carea' id='block_1_1' title="bbox 743 413 805 479">
    <p class='ocr_par' dir='ltr' id='par_1_1' title="bbox 743 413 805 479">
     <span class='ocr_line' id='line_1_1' title="bbox 743 413 805 479; baseline 0 -1"><span class='ocrx_word' id='word_1_1' title='bbox 743 413 805 479; x_wconf 90' lang='lat'><strong>113</strong></span> 
     </span>
    </p>
   </div>
   <div class='ocr_carea' id='block_1_2' title="bbox 144 601 1439 1810">
    <p class='ocr_par' dir='ltr' id='par_1_2' title="bbox 144 601 1439 1635">
     <span class='ocr_line' id='line_1_2' title="bbox 144 601 1396 677; baseline 0.005 -21"><span class='ocrx_word' id='word_1_2' title='bbox 144 604 178 656; x_wconf 89' lang='lat' dir='ltr'><strong>in</strong></span> <span class='ocrx_word' id='word_1_3' title='bbox 195 602 255 658; x_wconf 90' lang='lat' dir='ltr'><strong>hoc</strong></span> <span class='ocrx_word' id='word_1_4' title='bbox 269 601 421 656; x_wconf 87' lang='lat' dir='ltr'><strong>volumine</strong></span> <span class='ocrx_word' id='word_1_5' title='bbox 436 603 533 672; x_wconf 78' lang='lat' dir='ltr'><strong>egitur</strong></span> <span class='ocrx_word' id='word_1_6' title='bbox 546 605 577 656; x_wconf 90' lang='lat' dir='ltr'><strong>in</strong></span> <span class='ocrx_word' id='word_1_7' title='bbox 593 603 712 658; x_wconf 81' lang='lat' dir='ltr'><strong>exordio</strong></span> <span class='ocrx_word' id='word_1_8' title='bbox 729 608 826 676; x_wconf 86' lang='lat' dir='ltr'><strong>operis</strong></span> <span class='ocrx_word' id='word_1_9' title='bbox 843 607 1019 677; x_wconf 79' lang='lat' dir='ltr'><strong>appositum.</strong></span> <span class='ocrx_word' id='word_1_10' title='bbox 1038 606 1073 660; x_wconf 85' lang='lat' dir='ltr'><strong>in</strong></span> <span class='ocrx_word' id='word_1_11' title='bbox 1088 605 1160 660; x_wconf 90' lang='lat' dir='ltr'><strong>fine:</strong></span> <span class='ocrx_word' id='word_1_12' title='bbox 1179 606 1288 661; x_wconf 86' lang='lat' dir='ltr'><strong>Devoti</strong></span> <span class='ocrx_word' id='word_1_13' title='bbox 1303 607 1396 662; x_wconf 88' lang='lat' dir='ltr'><strong>melli-</strong></span> 
     </span>
     <span class='ocr_line' id='line_1_3' title="bbox 146 689 1397 764; baseline 0.003 -20"><span class='ocrx_word' id='word_1_14' title='bbox 146 690 261 761; x_wconf 84' lang='lat' dir='ltr'><strong>fluique</strong></span> <span class='ocrx_word' id='word_1_15' title='bbox 277 689 407 745; x_wconf 86' lang='lat' dir='ltr'><strong>doctoris</strong></span> <span class='ocrx_word' id='word_1_16' title='bbox 423 689 482 744; x_wconf 83' lang='lat' dir='ltr'><strong>divi</strong></span> <span class='ocrx_word' id='word_1_17' title='bbox 498 690 641 745; x_wconf 86' lang='lat' dir='ltr'><strong>Barnardi</strong></span> <span class='ocrx_word' id='word_1_18' title='bbox 657 691 884 748; x_wconf 88' lang='lat' dir='ltr'><strong>Clarevallensis</strong></span> <span class='ocrx_word' id='word_1_19' title='bbox 900 693 1023 762; x_wconf 86' lang='lat' dir='ltr'><strong>abbatis,</strong></span> <span class='ocrx_word' id='word_1_20' title='bbox 1040 693 1193 764; x_wconf 78' lang='lat' dir='ltr'><strong>seraphiae</strong></span> <span class='ocrx_word' id='word_1_21' title='bbox 1210 695 1320 764; x_wconf 79' lang='lat' dir='ltr'><strong>scripta</strong></span> <span class='ocrx_word' id='word_1_22' title='bbox 1334 693 1397 748; x_wconf 85' lang='lat' dir='ltr'><strong>‹lili-</strong></span> 
     </span>
     <span class='ocr_line' id='line_1_4' title="bbox 145 777 1398 850; baseline 0.004 -19"><span class='ocrx_word' id='word_1_23' title='bbox 145 779 325 848; x_wconf 82' lang='lat' dir='ltr'><strong>gentissime</strong></span> <span class='ocrx_word' id='word_1_24' title='bbox 347 793 413 832; x_wconf 89' lang='lat' dir='ltr'><strong>cum</strong></span> <span class='ocrx_word' id='word_1_25' title='bbox 434 777 601 849; x_wconf 83' lang='lat' dir='ltr'><strong>archetypis</strong></span> <span class='ocrx_word' id='word_1_26' title='bbox 621 779 797 834; x_wconf 70' lang='lat' dir='ltr'>bibliothece</span> <span class='ocrx_word' id='word_1_27' title='bbox 816 780 980 835; x_wconf 73' lang='lat' dir='ltr'><strong>clarevallis</strong></span> <span class='ocrx_word' id='word_1_28' title='bbox 1001 797 1020 834; x_wconf 85' lang='lat' dir='ltr'><strong>o</strong></span> <span class='ocrx_word' id='word_1_29' title='bbox 1037 781 1199 850; x_wconf 64' lang='lat' dir='ltr'><strong>quibasdam</strong></span> <span class='ocrx_word' id='word_1_30' title='bbox 1218 781 1334 836; x_wconf 63' lang='lat' dir='ltr'><strong>maedan</strong></span> <span class='ocrx_word' id='word_1_31' title='bbox 1352 781 1398 836; x_wconf 80' lang='lat' dir='ltr'><strong>aio-</strong></span> 
     </span>
     <span class='ocr_line' id='line_1_5' title="bbox 146 863 1397 938; baseline 0.005 -21"><span class='ocrx_word' id='word_1_32' title='bbox 146 881 210 918; x_wconf 76' lang='lat' dir='ltr'><strong>mus</strong></span> <span class='ocrx_word' id='word_1_33' title='bbox 227 864 368 919; x_wconf 77' lang='lat' dir='ltr'><strong>monachis</strong></span> <span class='ocrx_word' id='word_1_34' title='bbox 387 863 554 918; x_wconf 83' lang='lat' dir='ltr'><strong>emendata:</strong></span> <span class='ocrx_word' id='word_1_35' title='bbox 577 871 666 936; x_wconf 83' lang='lat' dir='ltr'><strong>atque</strong></span> <span class='ocrx_word' id='word_1_36' title='bbox 683 867 726 920; x_wconf 87' lang='lat' dir='ltr'><strong>ite</strong></span> <span class='ocrx_word' id='word_1_37' title='bbox 744 869 908 936; x_wconf 79' lang='lat' dir='ltr'><strong>recognita:</strong></span> <span class='ocrx_word' id='word_1_38' title='bbox 927 873 960 920; x_wconf 89' lang='lat' dir='ltr'><strong>ut</strong></span> <span class='ocrx_word' id='word_1_39' title='bbox 978 884 1034 938; x_wconf 92' lang='lat' dir='ltr'><strong>que</strong></span> <span class='ocrx_word' id='word_1_40' title='bbox 1054 884 1125 921; x_wconf 80' lang='lat' dir='ltr'><strong>vera</strong></span> <span class='ocrx_word' id='word_1_41' title='bbox 1142 869 1235 937; x_wconf 86' lang='lat' dir='ltr'><strong>ipsius</strong></span> <span class='ocrx_word' id='word_1_42' title='bbox 1254 869 1397 924; x_wconf 84' lang='lat' dir='ltr'><strong>auctoris:</strong></span> 
     </span>
     <span class='ocr_line' id='line_1_6' title="bbox 151 951 1400 1024; baseline 0.003 -20"><span class='ocrx_word' id='word_1_43' title='bbox 151 967 270 1022; x_wconf 81' lang='lat' dir='ltr'>queque</span> <span class='ocrx_word' id='word_1_44' title='bbox 285 952 452 1022; x_wconf 80' lang='lat' dir='ltr'><strong>ascripticia</strong></span> <span class='ocrx_word' id='word_1_45' title='bbox 466 951 577 1006; x_wconf 79' lang='lat' dir='ltr'><strong>iberint</strong></span> <span class='ocrx_word' id='word_1_46' title='bbox 591 952 685 1006; x_wconf 87' lang='lat' dir='ltr'><strong>lector</strong></span> <span class='ocrx_word' id='word_1_47' title='bbox 700 970 789 1024; x_wconf 86' lang='lat' dir='ltr'><strong>quarn</strong></span> <span class='ocrx_word' id='word_1_48' title='bbox 805 953 942 1008; x_wconf 81' lang='lat' dir='ltr'><strong>facillime</strong></span> <span class='ocrx_word' id='word_1_49' title='bbox 958 958 1101 1024; x_wconf 86' lang='lat' dir='ltr'><strong>agnoscat</strong></span> <span class='ocrx_word' id='word_1_50' title='bbox 1115 955 1303 1024; x_wconf 87' lang='lat' dir='ltr'><strong>(quamquam</strong></span> <span class='ocrx_word' id='word_1_51' title='bbox 1319 971 1354 1008; x_wconf 87' lang='lat' dir='ltr'><strong>ee</strong></span> <span class='ocrx_word' id='word_1_52' title='bbox 1369 961 1400 1008; x_wconf 92' lang='lat' dir='ltr'><strong>et</strong></span> 
     </span>
     <span class='ocr_line' id='line_1_7' title="bbox 148 1038 1399 1112; baseline 0.002 -21"><span class='ocrx_word' id='word_1_53' title='bbox 148 1038 269 1109; x_wconf 85' lang='lat' dir='ltr'><strong>phrasis</strong></span> <span class='ocrx_word' id='word_1_54' title='bbox 284 1043 315 1092; x_wconf 85' lang='lat' dir='ltr'><strong>et</strong></span> <span class='ocrx_word' id='word_1_55' title='bbox 333 1040 453 1108; x_wconf 89' lang='lat' dir='ltr'><strong>spiritus</strong></span> <span class='ocrx_word' id='word_1_56' title='bbox 470 1056 504 1093; x_wconf 88' lang='lat' dir='ltr'><strong>ao</strong></span> <span class='ocrx_word' id='word_1_57' title='bbox 520 1041 565 1094; x_wconf 83' lang='lat' dir='ltr'><strong>vis</strong></span> <span class='ocrx_word' id='word_1_58' title='bbox 582 1039 696 1094; x_wconf 90' lang='lat' dir='ltr'><strong>dicendi</strong></span> <span class='ocrx_word' id='word_1_59' title='bbox 714 1041 800 1095; x_wconf 73' lang='lat' dir='ltr'><strong>filcile</strong></span> <span class='ocrx_word' id='word_1_60' title='bbox 819 1041 963 1108; x_wconf 88' lang='lat' dir='ltr'><strong>secernat)</strong></span> <span class='ocrx_word' id='word_1_61' title='bbox 981 1057 1060 1095; x_wconf 90' lang='lat' dir='ltr'><strong>nunc</strong></span> <span class='ocrx_word' id='word_1_62' title='bbox 1075 1040 1193 1095; x_wconf 85' lang='lat' dir='ltr'><strong>demum</strong></span> <span class='ocrx_word' id='word_1_63' title='bbox 1211 1042 1241 1094; x_wconf 90' lang='lat' dir='ltr'><strong>in</strong></span> <span class='ocrx_word' id='word_1_64' title='bbox 1258 1043 1399 1112; x_wconf 81' lang='lat' dir='ltr'><strong>optimam</strong></span> 
     </span>
     <span class='ocr_line' id='line_1_8' title="bbox 147 1125 1439 1198; baseline -0.001 -16"><span class='ocrx_word' id='word_1_65' title='bbox 147 1128 239 1182; x_wconf 83' lang='lat' dir='ltr'><strong>unius</strong></span> <span class='ocrx_word' id='word_1_66' title='bbox 252 1125 362 1180; x_wconf 84' lang='lat' dir='ltr'><strong>codicis</strong></span> <span class='ocrx_word' id='word_1_67' title='bbox 375 1126 479 1192; x_wconf 83' lang='lat' dir='ltr'><strong>(veluti</strong></span> <span class='ocrx_word' id='word_1_68' title='bbox 493 1127 589 1198; x_wconf 85' lang='lat' dir='ltr'><strong>palam</strong></span> <span class='ocrx_word' id='word_1_69' title='bbox 602 1129 740 1193; x_wconf 79' lang='lat' dir='ltr'><strong>cernitur)</strong></span> <span class='ocrx_word' id='word_1_70' title='bbox 753 1129 877 1182; x_wconf 81' lang='lat' dir='ltr'><strong>formam</strong></span> <span class='ocrx_word' id='word_1_71' title='bbox 889 1125 1024 1182; x_wconf 82' lang='lat' dir='ltr'><strong>reducte=</strong></span> <span class='ocrx_word' id='word_1_72' title='bbox 1044 1127 1205 1198; x_wconf 85' lang='lat' dir='ltr'><strong>sedulaque</strong></span> <span class='ocrx_word' id='word_1_73' title='bbox 1218 1145 1252 1182; x_wconf 89' lang='lat' dir='ltr'><strong>ao</strong></span> <span class='ocrx_word' id='word_1_74' title='bbox 1265 1127 1397 1198; x_wconf 75' lang='lat' dir='ltr'><strong>diligenti</strong></span> <span class='ocrx_word' id='word_1_75' title='bbox 1434 1131 1439 1138; x_wconf 87' lang='grc'><strong>“</strong></span> 
     </span>
     <span class='ocr_line' id='line_1_9' title="bbox 148 1213 1397 1286; baseline 0.002 -18"><span class='ocrx_word' id='word_1_76' title='bbox 148 1231 221 1268; x_wconf 83' lang='lat' dir='ltr'><strong>curs</strong></span> <span class='ocrx_word' id='word_1_77' title='bbox 240 1220 271 1268; x_wconf 90' lang='lat' dir='ltr'><strong>et</strong></span> <span class='ocrx_word' id='word_1_78' title='bbox 287 1213 433 1268; x_wconf 87' lang='lat' dir='ltr'><strong>industria</strong></span> <span class='ocrx_word' id='word_1_79' title='bbox 454 1217 586 1284; x_wconf 73' lang='lat' dir='ltr'><strong>magistri</strong></span> <span class='ocrx_word' id='word_1_80' title='bbox 606 1214 712 1270; x_wconf 84' lang='lat' dir='ltr'><strong>Jacobi</strong></span> <span class='ocrx_word' id='word_1_81' title='bbox 737 1215 900 1270; x_wconf 86' lang='lat' dir='ltr'><strong>mareschal</strong></span> <span class='ocrx_word' id='word_1_82' title='bbox 918 1216 972 1268; x_wconf 88' lang='lat' dir='ltr'><strong>viri</strong></span> <span class='ocrx_word' id='word_1_83' title='bbox 994 1217 1066 1269; x_wconf 84' lang='lat' dir='ltr'><strong>artis</strong></span> <span class='ocrx_word' id='word_1_84' title='bbox 1088 1217 1261 1285; x_wconf 88' lang='lat' dir='ltr'><strong>impessorie</strong></span> <span class='ocrx_word' id='word_1_85' title='bbox 1282 1216 1397 1286; x_wconf 90' lang='lat' dir='ltr'><strong>peritis-</strong></span> 
     </span>
     <span class='ocr_line' id='line_1_10' title="bbox 148 1300 1395 1372; baseline -0.002 -14"><span class='ocrx_word' id='word_1_86' title='bbox 148 1303 232 1358; x_wconf 89' lang='lat' dir='ltr'><strong>simi:</strong></span> <span class='ocrx_word' id='word_1_87' title='bbox 255 1303 397 1372; x_wconf 83' lang='lat' dir='ltr'><strong>impensis</strong></span> <span class='ocrx_word' id='word_1_88' title='bbox 418 1309 517 1355; x_wconf 88' lang='lat' dir='ltr'><strong>autem</strong></span> <span class='ocrx_word' id='word_1_89' title='bbox 538 1302 656 1356; x_wconf 84' lang='lat' dir='ltr'><strong>honesti</strong></span> <span class='ocrx_word' id='word_1_90' title='bbox 678 1304 734 1356; x_wconf 83' lang='lat' dir='ltr'><strong>viri</strong></span> <span class='ocrx_word' id='word_1_91' title='bbox 756 1301 877 1357; x_wconf 86' lang='lat' dir='ltr'><strong>Oliverii</strong></span> <span class='ocrx_word' id='word_1_92' title='bbox 899 1304 1005 1356; x_wconf 86' lang='lat' dir='ltr'><strong>martin</strong></span> <span class='ocrx_word' id='word_1_93' title='bbox 1027 1300 1137 1372; x_wconf 89' lang='lat' dir='ltr'><strong>inclyte</strong></span> <span class='ocrx_word' id='word_1_94' title='bbox 1156 1303 1284 1356; x_wconf 85' lang='lat' dir='ltr'><strong>civitatis</strong></span> <span class='ocrx_word' id='word_1_95' title='bbox 1302 1301 1395 1372; x_wconf 87' lang='lat' dir='ltr'><strong>Lugd.</strong></span> 
     </span>
     <span class='ocr_line' id='line_1_11' title="bbox 148 1387 1397 1460; baseline 0 -16"><span class='ocrx_word' id='word_1_96' title='bbox 148 1388 312 1460; x_wconf 88' lang='lat' dir='ltr'><strong>bibliopola</strong></span> <span class='ocrx_word' id='word_1_97' title='bbox 324 1389 489 1459; x_wconf 83' lang='lat' dir='ltr'><strong>insignibus</strong></span> <span class='ocrx_word' id='word_1_98' title='bbox 499 1389 717 1444; x_wconf 77' lang='lat' dir='ltr'><strong>characteribus</strong></span> <span class='ocrx_word' id='word_1_99' title='bbox 730 1389 901 1444; x_wconf 88' lang='lat' dir='ltr'><strong>fidelissime</strong></span> <span class='ocrx_word' id='word_1_100' title='bbox 911 1389 947 1442; x_wconf 82' lang='lat' dir='ltr'><strong>ad</strong></span> <span class='ocrx_word' id='word_1_101' title='bbox 960 1387 1078 1444; x_wconf 86' lang='lat' dir='ltr'><strong>laudem</strong></span> <span class='ocrx_word' id='word_1_102' title='bbox 1086 1387 1142 1442; x_wconf 90' lang='lat' dir='ltr'><strong>Dei</strong></span> <span class='ocrx_word' id='word_1_103' title='bbox 1155 1388 1315 1459; x_wconf 89' lang='lat' dir='ltr'><strong>christique</strong></span> <span class='ocrx_word' id='word_1_104' title='bbox 1327 1388 1397 1444; x_wconf 90' lang='lat' dir='ltr'><strong>iide-</strong></span> 
     </span>
     <span class='ocr_line' id='line_1_12' title="bbox 147 1473 1399 1530; baseline 0 0"><span class='ocrx_word' id='word_1_105' title='bbox 147 1476 223 1530; x_wconf 86' lang='lat' dir='ltr'><strong>lium</strong></span> <span class='ocrx_word' id='word_1_106' title='bbox 233 1476 400 1530; x_wconf 84' lang='lat' dir='ltr'><strong>utilitatem.</strong></span> <span class='ocrx_word' id='word_1_107' title='bbox 415 1476 475 1529; x_wconf 88' lang='lat' dir='ltr'><strong>VH</strong></span> <span class='ocrx_word' id='word_1_108' title='bbox 482 1476 553 1530; x_wconf 72' lang='lat' dir='ltr'><strong>Idae</strong></span> <span class='ocrx_word' id='word_1_109' title='bbox 561 1475 704 1530; x_wconf 75' lang='lat' dir='ltr'><strong>decmbris</strong></span> <span class='ocrx_word' id='word_1_110' title='bbox 713 1478 799 1530; x_wconf 85' lang='lat' dir='ltr'><strong>Anno</strong></span> <span class='ocrx_word' id='word_1_111' title='bbox 809 1476 1019 1530; x_wconf 86' lang='lat' dir='ltr'><strong>incarnationis</strong></span> <span class='ocrx_word' id='word_1_112' title='bbox 1029 1475 1173 1530; x_wconf 87' lang='lat' dir='ltr'><strong>dominice</strong></span> <span class='ocrx_word' id='word_1_113' title='bbox 1183 1473 1399 1530; x_wconf 87' lang='lat' dir='ltr'><strong>MCCCCCXX</strong></span> 
     </span>
     <span class='ocr_line' id='line_1_13' title="bbox 147 1562 832 1635; baseline -0.004 -17"><span class='ocrx_word' id='word_1_114' title='bbox 147 1570 323 1634; x_wconf 82' lang='lat' dir='ltr'><strong>exoptatum</strong></span> <span class='ocrx_word' id='word_1_115' title='bbox 337 1565 443 1618; x_wconf 87' lang='lat' dir='ltr'><strong>sortita</strong></span> <span class='ocrx_word' id='word_1_116' title='bbox 454 1569 525 1618; x_wconf 89' lang='lat' dir='ltr'><strong>sunt</strong></span> <span class='ocrx_word' id='word_1_117' title='bbox 537 1562 792 1635; x_wconf 88' lang='lat' dir='ltr'><strong>complementum.</strong></span> <span class='ocrx_word' id='word_1_118' title='bbox 803 1594 832 1604; x_wconf 93' lang='lat'><em>-</em></span> 
     </span>
    </p>

    <p class='ocr_par' dir='ltr' id='par_1_3' title="bbox 146 1648 1399 1810">
     <span class='ocr_line' id='line_1_14' title="bbox 203 1648 1399 1721; baseline 0.002 -17"><span class='ocrx_word' id='word_1_119' title='bbox 203 1650 489 1720; x_wconf 79' lang='lat' dir='ltr'><strong>r01.3ttff.-(ffist.</strong></span> <span class='ocrx_word' id='word_1_120' title='bbox 499 1650 570 1704; x_wconf 84' lang='lat' dir='ltr'><strong>Litt.</strong></span> <span class='ocrx_word' id='word_1_121' title='bbox 581 1649 617 1705; x_wconf 90' lang='lat' dir='ltr'><strong>de</strong></span> <span class='ocrx_word' id='word_1_122' title='bbox 626 1649 656 1704; x_wconf 83' lang='lat' dir='ltr'><strong>le</strong></span> <span class='ocrx_word' id='word_1_123' title='bbox 665 1651 776 1704; x_wconf 79' lang='lat' dir='ltr'><strong>Franco</strong></span> <span class='ocrx_word' id='word_1_124' title='bbox 786 1651 871 1705; x_wconf 89' lang='lat' dir='ltr'><strong>XIII.</strong></span> <span class='ocrx_word' id='word_1_125' title='bbox 881 1651 940 1705; x_wconf 78' lang='lat'><strong>220.</strong></span> <span class='ocrx_word' id='word_1_126' title='bbox 948 1651 1100 1720; x_wconf 84' lang='lat' dir='ltr'><strong>-Panzer‚</strong></span> <span class='ocrx_word' id='word_1_127' title='bbox 1110 1650 1185 1706; x_wconf 83' lang='lat' dir='ltr'><strong>Ana.</strong></span> <span class='ocrx_word' id='word_1_128' title='bbox 1196 1655 1256 1721; x_wconf 88' lang='lat' dir='ltr'><strong>typ.</strong></span> <span class='ocrx_word' id='word_1_129' title='bbox 1264 1649 1329 1704; x_wconf 88' lang='lat' dir='ltr'><strong>VII.</strong></span> <span class='ocrx_word' id='word_1_130' title='bbox 1340 1648 1399 1706; x_wconf 79' lang='lat'><strong>327.</strong></span> 
     </span>
     <span class='ocr_line' id='line_1_15' title="bbox 146 1737 1245 1810; baseline -0.001 -17"><span class='ocrx_word' id='word_1_131' title='bbox 146 1738 184 1793; x_wconf 86' lang='lat' dir='ltr'><strong>N.</strong></span> <span class='ocrx_word' id='word_1_132' title='bbox 197 1737 259 1790; x_wconf 78' lang='lat'><strong>428.</strong></span> <span class='ocrx_word' id='word_1_133' title='bbox 269 1767 296 1778; x_wconf 93' lang='lat'>-</span> <span class='ocrx_word' id='word_1_134' title='bbox 306 1737 490 1808; x_wconf 87' lang='lat' dir='ltr'><strong>Weislinger,</strong></span> <span class='ocrx_word' id='word_1_135' title='bbox 503 1737 595 1793; x_wconf 84' lang='lat' dir='ltr'><strong>Cetei.</strong></span> <span class='ocrx_word' id='word_1_136' title='bbox 608 1738 651 1792; x_wconf 82' lang='lat'><strong>23.</strong></span> <span class='ocrx_word' id='word_1_137' title='bbox 661 1770 686 1778; x_wconf 93' lang='lat'>-</span> <span class='ocrx_word' id='word_1_138' title='bbox 696 1737 762 1793; x_wconf 87' lang='lat' dir='ltr'><strong>Not.</strong></span> <span class='ocrx_word' id='word_1_139' title='bbox 776 1756 811 1792; x_wconf 87' lang='lat' dir='ltr'><strong>ex</strong></span> <span class='ocrx_word' id='word_1_140' title='bbox 827 1739 956 1794; x_wconf 90' lang='lat' dir='ltr'><strong>biblioth.</strong></span> <span class='ocrx_word' id='word_1_141' title='bbox 970 1739 1057 1810; x_wconf 87' lang='lat' dir='ltr'><strong>palat.</strong></span> <span class='ocrx_word' id='word_1_142' title='bbox 1070 1737 1204 1808; x_wconf 79' lang='lat' dir='ltr'><strong>Monac).</strong></span> <span class='ocrx_word' id='word_1_143' title='bbox 1218 1769 1245 1778; x_wconf 90' lang='lat'>—</span> 
     </span>
    </p>
   </div>
   <div class='ocr_carea' id='block_1_3' title="bbox 145 1868 1400 2132">
    <p class='ocr_par' dir='ltr' id='par_1_4' title="bbox 145 1868 1400 2132">
     <span class='ocr_line' id='line_1_16' title="bbox 204 1868 1400 1954; baseline -0.002 -18"><span class='ocrx_word' id='word_1_144' title='bbox 204 1868 279 1937; x_wconf 83' lang='lat'><strong>424.</strong></span> <span class='ocrx_word' id='word_1_145' title='bbox 296 1909 338 1916; x_wconf 91' lang='lat'>-</span> <span class='ocrx_word' id='word_1_146' title='bbox 359 1869 407 1951; x_wconf 87' lang='lat' dir='ltr'><strong>(S.</strong></span> <span class='ocrx_word' id='word_1_147' title='bbox 424 1870 643 1940; x_wconf 70' lang='lat' dir='ltr'><strong>Ber-nardus.</strong></span> <span class='ocrx_word' id='word_1_148' title='bbox 668 1870 871 1948; x_wconf 63' lang='lat' dir='ltr'><strong>Psaiicriam</strong></span> <span class='ocrx_word' id='word_1_149' title='bbox 889 1872 963 1953; x_wconf 74' lang='lat' dir='ltr'><strong>help.</strong></span> <span class='ocrx_word' id='word_1_150' title='bbox 978 1872 1033 1954; x_wconf 85' lang='lat'><strong>-—)</strong></span> <span class='ocrx_word' id='word_1_151' title='bbox 1059 1869 1145 1934; x_wconf 90' lang='lat' dir='ltr'><strong>Hier</strong></span> <span class='ocrx_word' id='word_1_152' title='bbox 1167 1868 1313 1954; x_wconf 84' lang='lat' dir='ltr'><strong>beghint</strong></span> <span class='ocrx_word' id='word_1_153' title='bbox 1336 1892 1400 1935; x_wconf 90' lang='lat' dir='ltr'><strong>een</strong></span> 
     </span>
     <span class='ocr_line' id='line_1_17' title="bbox 145 1955 1400 2042; baseline -0.002 -18"><span class='ocrx_word' id='word_1_154' title='bbox 145 1957 334 2024; x_wconf 83' lang='lat' dir='ltr'><strong>boecxken</strong></span> <span class='ocrx_word' id='word_1_155' title='bbox 357 1955 528 2042; x_wconf 87' lang='lat' dir='ltr'><strong>geheeten</strong></span> <span class='ocrx_word' id='word_1_156' title='bbox 550 1980 643 2024; x_wconf 76' lang='lat' dir='ltr'><strong>anser</strong></span> <span class='ocrx_word' id='word_1_157' title='bbox 663 1959 759 2024; x_wconf 75' lang='lat' dir='ltr'><strong>itaer</strong></span> <span class='ocrx_word' id='word_1_158' title='bbox 774 1981 918 2024; x_wconf 80' lang='lat' dir='ltr'><strong>orouwca</strong></span> <span class='ocrx_word' id='word_1_159' title='bbox 935 1957 1071 2023; x_wconf 78' lang='lat' dir='ltr'><strong>Scelere.</strong></span> <span class='ocrx_word' id='word_1_160' title='bbox 1096 1955 1277 2042; x_wconf 80' lang='lat' dir='ltr'><strong>Gheprent</strong></span> <span class='ocrx_word' id='word_1_161' title='bbox 1295 1957 1400 2022; x_wconf 74' lang='lat' dir='ltr'><strong>rant</strong></span> 
     </span>
     <span class='ocr_line' id='line_1_18' title="bbox 147 2043 1179 2132; baseline -0.003 -21"><span class='ocrx_word' id='word_1_162' title='bbox 147 2067 292 2132; x_wconf 85' lang='lat' dir='ltr'><strong>werpen</strong></span> <span class='ocrx_word' id='word_1_163' title='bbox 306 2043 354 2128; x_wconf 89' lang='lat' dir='ltr'><strong>bij</strong></span> <span class='ocrx_word' id='word_1_164' title='bbox 374 2043 422 2107; x_wconf 85' lang='lat' dir='ltr'><strong>mi</strong></span> <span class='ocrx_word' id='word_1_165' title='bbox 437 2043 593 2108; x_wconf 86' lang='lat' dir='ltr'><strong>Henrick</strong></span> <span class='ocrx_word' id='word_1_166' title='bbox 610 2045 728 2110; x_wconf 86' lang='lat' dir='ltr'><strong>eckart</strong></span> <span class='ocrx_word' id='word_1_167' title='bbox 743 2067 811 2109; x_wconf 88' lang='lat' dir='ltr'><strong>van</strong></span> <span class='ocrx_word' id='word_1_168' title='bbox 826 2043 1027 2110; x_wconf 89' lang='lat' dir='ltr'><strong>Homberch</strong></span> <span class='ocrx_word' id='word_1_169' title='bbox 1046 2054 1138 2108; x_wconf 80' lang='lat'><strong>1520.</strong></span> <span class='ocrx_word' id='word_1_170' title='bbox 1152 2082 1179 2092; x_wconf 90' lang='lat'><em>-</em></span> 
     </span>
    </p>
   </div>
   <div class='ocr_carea' id='block_1_4' title="bbox 148 2145 1397 2306">
    <p class='ocr_par' dir='ltr' id='par_1_5' title="bbox 148 2145 1397 2306">
     <span class='ocr_line' id='line_1_19' title="bbox 204 2145 1397 2220; baseline -0.003 -16"><span class='ocrx_word' id='word_1_171' title='bbox 204 2149 243 2204; x_wconf 87' lang='lat'><strong>8⁰.</strong></span> <span class='ocrx_word' id='word_1_172' title='bbox 256 2147 326 2203; x_wconf 79' lang='lat' dir='ltr'><strong>toff.</strong></span> <span class='ocrx_word' id='word_1_173' title='bbox 340 2147 403 2220; x_wconf 89' lang='lat' dir='ltr'><strong>(ult.</strong></span> <span class='ocrx_word' id='word_1_174' title='bbox 416 2149 520 2217; x_wconf 82' lang='lat' dir='ltr'><strong>vacat).</strong></span> <span class='ocrx_word' id='word_1_175' title='bbox 534 2147 578 2202; x_wconf 91' lang='lat' dir='ltr'><strong>ch.</strong></span> <span class='ocrx_word' id='word_1_176' title='bbox 590 2148 671 2218; x_wconf 84' lang='lat' dir='ltr'><strong>goth.</strong></span> <span class='ocrx_word' id='word_1_177' title='bbox 685 2149 700 2201; x_wconf 89' lang='lat'><strong>3</strong></span> <span class='ocrx_word' id='word_1_178' title='bbox 713 2150 818 2218; x_wconf 80' lang='lat' dir='ltr'><strong>imagg.</strong></span> <span class='ocrx_word' id='word_1_179' title='bbox 832 2147 1003 2220; x_wconf 82' lang='lat' dir='ltr'><strong>xylogreph.</strong></span> <span class='ocrx_word' id='word_1_180' title='bbox 1014 2178 1039 2186; x_wconf 95' lang='lat'><em>-</em></span> <span class='ocrx_word' id='word_1_181' title='bbox 1048 2146 1139 2216; x_wconf 82' lang='lat' dir='ltr'><strong>(Heee</strong></span> <span class='ocrx_word' id='word_1_182' title='bbox 1152 2146 1293 2216; x_wconf 83' lang='lat' dir='ltr'><strong>Ellweng.</strong></span> <span class='ocrx_word' id='word_1_183' title='bbox 1304 2145 1397 2203; x_wconf 82' lang='lat' dir='ltr'><strong>Cetei.</strong></span> 
     </span>
     <span class='ocr_line' id='line_1_20' title="bbox 148 2235 373 2306; baseline -0.009 -16"><span class='ocrx_word' id='word_1_184' title='bbox 148 2235 194 2292; x_wconf 83' lang='lat'><strong>33.</strong></span> <span class='ocrx_word' id='word_1_185' title='bbox 208 2253 235 2290; x_wconf 81' lang='lat' dir='ltr'><strong>a.</strong></span> <span class='ocrx_word' id='word_1_186' title='bbox 250 2235 336 2306; x_wconf 83' lang='lat'><strong>1891).</strong></span> <span class='ocrx_word' id='word_1_187' title='bbox 345 2265 373 2274; x_wconf 92' lang='lat'>-</span> 
     </span>
    </p>
   </div>
   <div class='ocr_carea' id='block_1_5' title="bbox 692 2359 859 2426">
    <p class='ocr_par' dir='ltr' id='par_1_6' title="bbox 692 2359 859 2426">
     <span class='ocr_line' id='line_1_21' title="bbox 692 2359 859 2426; baseline 0.012 -2"><span class='ocrx_word' id='word_1_188' title='bbox 692 2359 730 2426; x_wconf 84' lang='lat' dir='ltr'><strong>A.</strong></span> <span class='ocrx_word' id='word_1_189' title='bbox 745 2361 859 2426; x_wconf 72' lang='lat'>1520?</span> 
     </span>
    </p>
   </div>
   <div class='ocr_carea' id='block_1_6' title="bbox 148 2495 1401 3190">
    <p class='ocr_par' dir='ltr' id='par_1_7' title="bbox 148 2495 1401 3190">
     <span class='ocr_line' id='line_1_22' title="bbox 206 2495 1399 2585; baseline -0.006 -18"><span class='ocrx_word' id='word_1_190' title='bbox 206 2499 282 2567; x_wconf 78' lang='lat'><strong>425.</strong></span> <span class='ocrx_word' id='word_1_191' title='bbox 294 2539 335 2548; x_wconf 89' lang='lat'>—</span> <span class='ocrx_word' id='word_1_192' title='bbox 348 2501 395 2585; x_wconf 84' lang='lat' dir='ltr'><strong>(S.</strong></span> <span class='ocrx_word' id='word_1_193' title='bbox 411 2499 632 2567; x_wconf 75' lang='lat' dir='ltr'><strong>Bernartius.</strong></span> <span class='ocrx_word' id='word_1_194' title='bbox 649 2497 798 2578; x_wconf 79' lang='lat' dir='ltr'><strong>Epistola</strong></span> <span class='ocrx_word' id='word_1_195' title='bbox 813 2498 858 2562; x_wconf 77' lang='lat' dir='ltr'><strong>aci</strong></span> <span class='ocrx_word' id='word_1_196' title='bbox 872 2497 1039 2578; x_wconf 76' lang='lat' dir='ltr'><strong>quamdam</strong></span> <span class='ocrx_word' id='word_1_197' title='bbox 1053 2497 1244 2576; x_wconf 74' lang='lat' dir='ltr'><strong>reiipioeum.</strong></span> <span class='ocrx_word' id='word_1_198' title='bbox 1257 2495 1313 2579; x_wconf 88' lang='lat'><strong>-)</strong></span> <span class='ocrx_word' id='word_1_199' title='bbox 1329 2495 1399 2560; x_wconf 90' lang='lat' dir='ltr'><strong>He·</strong></span> 
     </span>
     <span class='ocr_line' id='line_1_23' title="bbox 148 2581 1400 2668; baseline -0.005 -16"><span class='ocrx_word' id='word_1_200' title='bbox 148 2589 260 2652; x_wconf 82' lang='lat' dir='ltr'><strong>raster</strong></span> <span class='ocrx_word' id='word_1_201' title='bbox 282 2586 446 2652; x_wconf 82' lang='lat' dir='ltr'><strong>i&#39;oloweet</strong></span> <span class='ocrx_word' id='word_1_202' title='bbox 469 2607 513 2649; x_wconf 88' lang='lat' dir='ltr'><strong>an</strong></span> <span class='ocrx_word' id='word_1_203' title='bbox 536 2585 662 2666; x_wconf 78' lang='lat' dir='ltr'><strong>Episile</strong></span> <span class='ocrx_word' id='word_1_204' title='bbox 686 2585 832 2668; x_wconf 72' lang='lat' dir='ltr'><strong>ofsaynl</strong></span> <span class='ocrx_word' id='word_1_205' title='bbox 856 2584 1025 2648; x_wconf 73' lang='lat' dir='ltr'><strong>chtarde</strong></span> <span class='ocrx_word' id='word_1_206' title='bbox 1055 2581 1166 2646; x_wconf 90' lang='lat' dir='ltr'><strong>called</strong></span> <span class='ocrx_word' id='word_1_207' title='bbox 1189 2581 1248 2645; x_wconf 90' lang='lat' dir='ltr'><strong>the</strong></span> <span class='ocrx_word' id='word_1_208' title='bbox 1271 2581 1400 2666; x_wconf 87' lang='lat' dir='ltr'><strong>golden</strong></span> 
     </span>
     <span class='ocr_line' id='line_1_24' title="bbox 150 2668 1400 2761; baseline -0.004 -22"><span class='ocrx_word' id='word_1_209' title='bbox 150 2674 287 2761; x_wconf 85' lang='lat' dir='ltr'><strong>epietle,</strong></span> <span class='ocrx_word' id='word_1_210' title='bbox 307 2672 442 2737; x_wconf 88' lang='lat' dir='ltr'><strong>whiche</strong></span> <span class='ocrx_word' id='word_1_211' title='bbox 465 2671 508 2736; x_wconf 93' lang='lat' dir='ltr'><strong>he</strong></span> <span class='ocrx_word' id='word_1_212' title='bbox 529 2679 607 2736; x_wconf 91' lang='lat' dir='ltr'><strong>sent</strong></span> <span class='ocrx_word' id='word_1_213' title='bbox 626 2677 655 2736; x_wconf 82' lang='lat' dir='ltr'><strong>lo</strong></span> <span class='ocrx_word' id='word_1_214' title='bbox 674 2695 695 2736; x_wconf 84' lang='lat' dir='ltr'><strong>a</strong></span> <span class='ocrx_word' id='word_1_215' title='bbox 714 2693 795 2754; x_wconf 73' lang='lat' dir='ltr'><strong>pocy</strong></span> <span class='ocrx_word' id='word_1_216' title='bbox 810 2671 958 2752; x_wconf 78' lang='lat' dir='ltr'><strong>relipious</strong></span> <span class='ocrx_word' id='word_1_217' title='bbox 980 2691 1056 2734; x_wconf 81' lang='lat' dir='ltr'><strong>mon</strong></span> <span class='ocrx_word' id='word_1_218' title='bbox 1077 2668 1192 2733; x_wconf 88' lang='lat' dir='ltr'><strong>whom</strong></span> <span class='ocrx_word' id='word_1_219' title='bbox 1212 2668 1256 2732; x_wconf 94' lang='lat' dir='ltr'><strong>he</strong></span> <span class='ocrx_word' id='word_1_220' title='bbox 1276 2668 1400 2734; x_wconf 88' lang='lat' dir='ltr'><strong>moche</strong></span> 
     </span>
     <span class='ocr_line' id='line_1_25' title="bbox 149 2755 1400 2827; baseline -0.004 -2"><span class='ocrx_word' id='word_1_221' title='bbox 149 2761 256 2827; x_wconf 90' lang='lat' dir='ltr'><strong>loned</strong></span> <span class='ocrx_word' id='word_1_222' title='bbox 273 2761 353 2825; x_wconf 83' lang='lat' dir='ltr'><strong>And</strong></span> <span class='ocrx_word' id='word_1_223' title='bbox 373 2760 432 2824; x_wconf 88' lang='lat' dir='ltr'><strong>the</strong></span> <span class='ocrx_word' id='word_1_224' title='bbox 455 2780 637 2822; x_wconf 87' lang='lat' dir='ltr'><strong>enccrease</strong></span> <span class='ocrx_word' id='word_1_225' title='bbox 657 2756 698 2822; x_wconf 88' lang='lat' dir='ltr'><strong>of</strong></span> <span class='ocrx_word' id='word_1_226' title='bbox 713 2758 772 2822; x_wconf 88' lang='lat' dir='ltr'><strong>the</strong></span> <span class='ocrx_word' id='word_1_227' title='bbox 793 2756 959 2821; x_wconf 86' lang='lat' dir='ltr'><strong>deuotion</strong></span> <span class='ocrx_word' id='word_1_228' title='bbox 980 2755 1020 2820; x_wconf 81' lang='lat' dir='ltr'><strong>oi</strong></span> <span class='ocrx_word' id='word_1_229' title='bbox 1037 2755 1131 2820; x_wconf 90' lang='lat' dir='ltr'><strong>them</strong></span> <span class='ocrx_word' id='word_1_230' title='bbox 1146 2755 1223 2819; x_wconf 87' lang='lat' dir='ltr'><strong>that</strong></span> <span class='ocrx_word' id='word_1_231' title='bbox 1239 2777 1302 2818; x_wconf 89' lang='lat' dir='ltr'><strong>can</strong></span> <span class='ocrx_word' id='word_1_232' title='bbox 1318 2756 1400 2820; x_wconf 90' lang='lat' dir='ltr'><strong>rede</strong></span> 
     </span>
     <span class='ocr_line' id='line_1_26' title="bbox 149 2841 1401 2933; baseline -0.006 -20"><span class='ocrx_word' id='word_1_233' title='bbox 149 2847 350 2933; x_wconf 85' lang='lat' dir='ltr'><strong>Englysshe</strong></span> <span class='ocrx_word' id='word_1_234' title='bbox 373 2847 440 2912; x_wconf 86' lang='lat' dir='ltr'><strong>end</strong></span> <span class='ocrx_word' id='word_1_235' title='bbox 459 2845 691 2910; x_wconf 75' lang='lat' dir='ltr'><strong>understande</strong></span> <span class='ocrx_word' id='word_1_236' title='bbox 707 2852 770 2908; x_wconf 84' lang='lat' dir='ltr'><strong>not</strong></span> <span class='ocrx_word' id='word_1_237' title='bbox 790 2843 849 2908; x_wconf 85' lang='lat' dir='ltr'><strong>the</strong></span> <span class='ocrx_word' id='word_1_238' title='bbox 871 2843 969 2927; x_wconf 85' lang='lat' dir='ltr'><strong>lalyn</strong></span> <span class='ocrx_word' id='word_1_239' title='bbox 985 2849 1101 2928; x_wconf 71' lang='lat' dir='ltr'><strong>tonge²</strong></span> <span class='ocrx_word' id='word_1_240' title='bbox 1122 2841 1194 2906; x_wconf 90' lang='lat' dir='ltr'><strong>itis</strong></span> <span class='ocrx_word' id='word_1_241' title='bbox 1211 2841 1401 2906; x_wconf 87' lang='lat' dir='ltr'><strong>translated</strong></span> 
     </span>
     <span class='ocr_line' id='line_1_27' title="bbox 151 2928 1400 3019; baseline -0.006 -18"><span class='ocrx_word' id='word_1_242' title='bbox 151 2945 215 3002; x_wconf 87' lang='lat' dir='ltr'><strong>out</strong></span> <span class='ocrx_word' id='word_1_243' title='bbox 231 2935 273 3000; x_wconf 86' lang='lat' dir='ltr'><strong>of</strong></span> <span class='ocrx_word' id='word_1_244' title='bbox 283 2935 382 3019; x_wconf 87' lang='lat' dir='ltr'><strong>latyn</strong></span> <span class='ocrx_word' id='word_1_245' title='bbox 397 2933 434 2998; x_wconf 88' lang='lat' dir='ltr'><strong>in</strong></span> <span class='ocrx_word' id='word_1_246' title='bbox 450 2941 486 2998; x_wconf 83' lang='lat' dir='ltr'><strong>to</strong></span> <span class='ocrx_word' id='word_1_247' title='bbox 503 2931 700 3017; x_wconf 81' lang='lat' dir='ltr'><strong>Englysshe</strong></span> <span class='ocrx_word' id='word_1_248' title='bbox 720 2931 756 2995; x_wconf 89' lang='lat' dir='ltr'><strong>in</strong></span> <span class='ocrx_word' id='word_1_249' title='bbox 777 2930 862 2995; x_wconf 87' lang='lat' dir='ltr'><strong>such</strong></span> <span class='ocrx_word' id='word_1_250' title='bbox 883 2952 1002 2993; x_wconf 86' lang='lat' dir='ltr'><strong>maner</strong></span> <span class='ocrx_word' id='word_1_251' title='bbox 1021 2951 1057 2993; x_wconf 87' lang='lat' dir='ltr'><strong>es</strong></span> <span class='ocrx_word' id='word_1_252' title='bbox 1078 2928 1228 2993; x_wconf 83' lang='lat' dir='ltr'><strong>herafter</strong></span> <span class='ocrx_word' id='word_1_253' title='bbox 1244 2929 1400 2994; x_wconf 85' lang='lat' dir='ltr'><strong>ensueth.</strong></span> 
     </span>
     <span class='ocr_line' id='line_1_28' title="bbox 150 3015 1400 3104; baseline -0.005 -17"><span class='ocrx_word' id='word_1_254' title='bbox 150 3023 234 3088; x_wconf 79' lang='lat' dir='ltr'><strong>And</strong></span> <span class='ocrx_word' id='word_1_255' title='bbox 249 3021 278 3086; x_wconf 83' lang='lat' dir='ltr'><strong>it</strong></span> <span class='ocrx_word' id='word_1_256' title='bbox 293 3021 323 3085; x_wconf 86' lang='lat' dir='ltr'><strong>is</strong></span> <span class='ocrx_word' id='word_1_257' title='bbox 339 3021 374 3084; x_wconf 88' lang='lat' dir='ltr'><strong>in</strong></span> <span class='ocrx_word' id='word_1_258' title='bbox 391 3042 486 3085; x_wconf 88' lang='lat' dir='ltr'><strong>some</strong></span> <span class='ocrx_word' id='word_1_259' title='bbox 501 3019 610 3084; x_wconf 86' lang='lat' dir='ltr'><strong>bokos</strong></span> <span class='ocrx_word' id='word_1_260' title='bbox 627 3017 813 3104; x_wconf 87' lang='lat' dir='ltr'><strong>imprinted</strong></span> <span class='ocrx_word' id='word_1_261' title='bbox 832 3017 869 3080; x_wconf 90' lang='lat' dir='ltr'><strong>in</strong></span> <span class='ocrx_word' id='word_1_262' title='bbox 890 3016 949 3080; x_wconf 91' lang='lat' dir='ltr'><strong>the</strong></span> <span class='ocrx_word' id='word_1_263' title='bbox 971 3016 1058 3080; x_wconf 85' lang='lat' dir='ltr'><strong>later</strong></span> <span class='ocrx_word' id='word_1_264' title='bbox 1079 3016 1166 3080; x_wconf 90' lang='lat' dir='ltr'><strong>ende</strong></span> <span class='ocrx_word' id='word_1_265' title='bbox 1183 3015 1223 3081; x_wconf 87' lang='lat' dir='ltr'><strong>of</strong></span> <span class='ocrx_word' id='word_1_266' title='bbox 1234 3015 1293 3080; x_wconf 88' lang='lat' dir='ltr'><strong>the</strong></span> <span class='ocrx_word' id='word_1_267' title='bbox 1308 3016 1400 3081; x_wconf 86' lang='lat' dir='ltr'><strong>beke</strong></span> 
     </span>
     <span class='ocr_line' id='line_1_29' title="bbox 152 3102 1400 3190; baseline -0.005 -16"><span class='ocrx_word' id='word_1_268' title='bbox 152 3109 266 3174; x_wconf 86' lang='lat' dir='ltr'><strong>called</strong></span> <span class='ocrx_word' id='word_1_269' title='bbox 289 3107 397 3172; x_wconf 89' lang='lat' dir='ltr'><strong>iniat</strong></span> <span class='ocrx_word' id='word_1_270' title='bbox 464 3105 618 3170; x_wconf 87' lang='lat' dir='ltr'><strong>Imitatio</strong></span> <span class='ocrx_word' id='word_1_271' title='bbox 640 3105 768 3170; x_wconf 84' lang='lat' dir='ltr'><strong>Christi</strong></span> <span class='ocrx_word' id='word_1_272' title='bbox 791 3104 869 3169; x_wconf 89' lang='lat' dir='ltr'><strong>that</strong></span> <span class='ocrx_word' id='word_1_273' title='bbox 891 3103 920 3168; x_wconf 92' lang='lat' dir='ltr'><strong>is</strong></span> <span class='ocrx_word' id='word_1_274' title='bbox 939 3111 976 3168; x_wconf 84' lang='lat' dir='ltr'><strong>to</strong></span> <span class='ocrx_word' id='word_1_275' title='bbox 998 3126 1060 3189; x_wconf 85' lang='lat' dir='ltr'><strong>say</strong></span> <span class='ocrx_word' id='word_1_276' title='bbox 1079 3103 1116 3167; x_wconf 90' lang='lat' dir='ltr'><strong>in</strong></span> <span class='ocrx_word' id='word_1_277' title='bbox 1135 3102 1321 3190; x_wconf 85' lang='lat' dir='ltr'><strong>Englisshe</strong></span> <span class='ocrx_word' id='word_1_278' title='bbox 1341 3103 1400 3168; x_wconf 86' lang='lat' dir='ltr'><strong>the</strong></span> 
     </span>
    </p>
   </div>
   <div class='ocr_carea' id='block_1_7' title="bbox 151 3188 1399 3460">
    <p class='ocr_par' dir='ltr' id='par_1_8' title="bbox 151 3188 1399 3460">
     <span class='ocr_line' id='line_1_30' title="bbox 151 3188 1399 3322; baseline -0.006 -60"><span class='ocrx_word' id='word_1_279' title='bbox 151 3195 385 3322; x_wconf 57' lang='lat' dir='ltr'><strong>Folowingoo</strong></span> <span class='ocrx_word' id='word_1_280' title='bbox 424 3193 551 3260; x_wconf 84' lang='lat' dir='ltr'><strong>Christ.</strong></span> <span class='ocrx_word' id='word_1_281' title='bbox 581 3192 725 3257; x_wconf 89' lang='lat' dir='ltr'><strong>Printed</strong></span> <span class='ocrx_word' id='word_1_282' title='bbox 750 3199 785 3256; x_wconf 88' lang='lat' dir='ltr'><strong>at</strong></span> <span class='ocrx_word' id='word_1_283' title='bbox 807 3191 955 3257; x_wconf 88' lang='lat' dir='ltr'><strong>London</strong></span> <span class='ocrx_word' id='word_1_284' title='bbox 983 3189 1031 3276; x_wconf 87' lang='lat' dir='ltr'><strong>by</strong></span> <span class='ocrx_word' id='word_1_285' title='bbox 1058 3189 1208 3255; x_wconf 81' lang='lat' dir='ltr'><strong>Thomas</strong></span> <span class='ocrx_word' id='word_1_286' title='bbox 1233 3188 1399 3276; x_wconf 81' lang='lat' dir='ltr'><strong>Godfray.</strong></span> 
     </span>
     <span class='ocr_line' id='line_1_31' title="bbox 152 3283 1325 3460; baseline -0.009 -17"><span class='ocrx_word' id='word_1_287' title='bbox 152 3283 384 3460; x_wconf 60' lang='lat' dir='ltr'><strong>(15(2B(ii?tllltis</strong></span> <span class='ocrx_word' id='word_1_288' title='bbox 404 3384 497 3442; x_wconf 84' lang='lat' dir='ltr'><strong>Cetel.</strong></span> <span class='ocrx_word' id='word_1_289' title='bbox 517 3383 627 3455; x_wconf 81' lang='lat' dir='ltr'><strong>„Berg“</strong></span> <span class='ocrx_word' id='word_1_290' title='bbox 649 3381 817 3438; x_wconf 71' lang='lat' dir='ltr'><strong>lte-Not.</strong></span> <span class='ocrx_word' id='word_1_291' title='bbox 837 3399 873 3435; x_wconf 91' lang='lat' dir='ltr'><strong>ex</strong></span> <span class='ocrx_word' id='word_1_292' title='bbox 893 3380 1025 3435; x_wconf 89' lang='lat' dir='ltr'><strong>biblioth.</strong></span> <span class='ocrx_word' id='word_1_293' title='bbox 1043 3379 1119 3434; x_wconf 86' lang='lat' dir='ltr'><strong>Mus.</strong></span> <span class='ocrx_word' id='word_1_294' title='bbox 1138 3379 1325 3450; x_wconf 88' lang='lat' dir='ltr'><strong>Britann.).-</strong></span> 
     </span>
    </p>
   </div>
   <div class='ocr_carea' id='block_1_8' title="bbox 151 3509 1402 4040">
    <p class='ocr_par' dir='ltr' id='par_1_9' title="bbox 151 3509 1402 3864">
     <span class='ocr_line' id='line_1_32' title="bbox 206 3509 1401 3604; baseline -0.011 -17"><span class='ocrx_word' id='word_1_295' title='bbox 206 3517 283 3587; x_wconf 84' lang='lat'><strong>426.</strong></span> <span class='ocrx_word' id='word_1_296' title='bbox 292 3557 334 3566; x_wconf 91' lang='lat'>—</span> <span class='ocrx_word' id='word_1_297' title='bbox 344 3519 392 3604; x_wconf 89' lang='lat' dir='ltr'><strong>(S.</strong></span> <span class='ocrx_word' id='word_1_298' title='bbox 401 3517 621 3584; x_wconf 74' lang='lat' dir='ltr'><strong>Bernartius.</strong></span> <span class='ocrx_word' id='word_1_299' title='bbox 633 3513 788 3580; x_wconf 78' lang='lat' dir='ltr'><strong>Planctus</strong></span> <span class='ocrx_word' id='word_1_300' title='bbox 796 3513 838 3578; x_wconf 89' lang='lat' dir='ltr'><strong>B.</strong></span> <span class='ocrx_word' id='word_1_301' title='bbox 847 3514 895 3577; x_wconf 87' lang='lat' dir='ltr'><strong>M.</strong></span> <span class='ocrx_word' id='word_1_302' title='bbox 907 3513 944 3577; x_wconf 88' lang='lat' dir='ltr'><strong>V.</strong></span> <span class='ocrx_word' id='word_1_303' title='bbox 954 3515 1010 3596; x_wconf 89' lang='lat'><strong>—)</strong></span> <span class='ocrx_word' id='word_1_304' title='bbox 1019 3511 1140 3576; x_wconf 89' lang='lat' dir='ltr'><strong>Passio</strong></span> <span class='ocrx_word' id='word_1_305' title='bbox 1152 3509 1401 3575; x_wconf 87' lang='lat' dir='ltr'><strong>domininoetri</strong></span> 
     </span>
     <span class='ocr_line' id='line_1_33' title="bbox 152 3597 1402 3690; baseline -0.008 -18"><span class='ocrx_word' id='word_1_306' title='bbox 152 3607 176 3673; x_wconf 89' lang='lat' dir='ltr'><strong>J</strong></span> <span class='ocrx_word' id='word_1_307' title='bbox 179 3629 240 3671; x_wconf 88' lang='lat' dir='ltr'><strong>esu</strong></span> <span class='ocrx_word' id='word_1_308' title='bbox 255 3603 384 3669; x_wconf 82' lang='lat' dir='ltr'><strong>Christi</strong></span> <span class='ocrx_word' id='word_1_309' title='bbox 398 3605 478 3690; x_wconf 87' lang='lat' dir='ltr'><strong>(etc.</strong></span> <span class='ocrx_word' id='word_1_310' title='bbox 487 3603 567 3686; x_wconf 85' lang='lat' dir='ltr'><strong>Seq.</strong></span> <span class='ocrx_word' id='word_1_311' title='bbox 579 3601 716 3689; x_wconf 85' lang='lat' dir='ltr'><strong>pictura</strong></span> <span class='ocrx_word' id='word_1_312' title='bbox 729 3599 962 3665; x_wconf 86' lang='lat' dir='ltr'><strong>crucifixionis</strong></span> <span class='ocrx_word' id='word_1_313' title='bbox 976 3598 1071 3683; x_wconf 86' lang='lat' dir='ltr'><strong>ligno</strong></span> <span class='ocrx_word' id='word_1_314' title='bbox 1084 3597 1218 3680; x_wconf 83' lang='lat' dir='ltr'><strong>incisa).</strong></span> <span class='ocrx_word' id='word_1_315' title='bbox 1232 3635 1258 3644; x_wconf 86' lang='lat'>—</span> <span class='ocrx_word' id='word_1_316' title='bbox 1271 3599 1402 3662; x_wconf 81' lang='lat' dir='ltr'><strong>Tracta-</strong></span> 
     </span>
     <span class='ocr_line' id='line_1_34' title="bbox 151 3682 1400 3774; baseline -0.009 -16"><span class='ocrx_word' id='word_1_317' title='bbox 151 3701 204 3762; x_wconf 77' lang='lat' dir='ltr'><strong>ius</strong></span> <span class='ocrx_word' id='word_1_318' title='bbox 220 3695 259 3758; x_wconf 78' lang='lat' dir='ltr'><strong>(lc</strong></span> <span class='ocrx_word' id='word_1_319' title='bbox 269 3693 402 3774; x_wconf 78' lang='lat' dir='ltr'><strong>plancta</strong></span> <span class='ocrx_word' id='word_1_320' title='bbox 416 3692 501 3756; x_wconf 77' lang='lat' dir='ltr'><strong>teate</strong></span> <span class='ocrx_word' id='word_1_321' title='bbox 516 3691 623 3754; x_wconf 80' lang='lat' dir='ltr'><strong>Mario</strong></span> <span class='ocrx_word' id='word_1_322' title='bbox 640 3690 782 3769; x_wconf 65' lang='lat' dir='ltr'><strong>viminis.</strong></span> <span class='ocrx_word' id='word_1_323' title='bbox 801 3687 842 3749; x_wconf 88' lang='lat' dir='ltr'><strong>ln</strong></span> <span class='ocrx_word' id='word_1_324' title='bbox 855 3685 941 3750; x_wconf 92' lang='lat' dir='ltr'><strong>fine:</strong></span> <span class='ocrx_word' id='word_1_325' title='bbox 958 3684 1113 3772; x_wconf 80' lang='lat' dir='ltr'><strong>Explicit</strong></span> <span class='ocrx_word' id='word_1_326' title='bbox 1125 3691 1294 3749; x_wconf 87' lang='lat' dir='ltr'><strong>tractatus</strong></span> <span class='ocrx_word' id='word_1_327' title='bbox 1307 3682 1400 3748; x_wconf 88' lang='lat' dir='ltr'><strong>beati</strong></span> 
     </span>
     <span class='ocr_line' id='line_1_35' title="bbox 151 3771 1168 3864; baseline -0.011 -18"><span class='ocrx_word' id='word_1_328' title='bbox 151 3778 349 3847; x_wconf 84' lang='lat' dir='ltr'><strong>Bernhardi</strong></span> <span class='ocrx_word' id='word_1_329' title='bbox 366 3779 409 3843; x_wconf 89' lang='lat' dir='ltr'><strong>de</strong></span> <span class='ocrx_word' id='word_1_330' title='bbox 423 3778 564 3864; x_wconf 85' lang='lat' dir='ltr'><strong>planctu</strong></span> <span class='ocrx_word' id='word_1_331' title='bbox 580 3774 829 3860; x_wconf 87' lang='lat' dir='ltr'><strong>gloriosissime</strong></span> <span class='ocrx_word' id='word_1_332' title='bbox 844 3773 952 3837; x_wconf 85' lang='lat' dir='ltr'><strong>Maria</strong></span> <span class='ocrx_word' id='word_1_333' title='bbox 967 3771 1122 3858; x_wconf 86' lang='lat' dir='ltr'><strong>virginis.</strong></span> <span class='ocrx_word' id='word_1_334' title='bbox 1134 3809 1168 3820; x_wconf 86' lang='lat'>-</span> 
     </span>
    </p>

    <p class='ocr_par' dir='ltr' id='par_1_10' title="bbox 152 3873 1401 4040">
     <span class='ocr_line' id='line_1_36' title="bbox 205 3873 1401 3951; baseline -0.006 -16"><span class='ocrx_word' id='word_1_335' title='bbox 205 3885 244 3938; x_wconf 83' lang='lat'><strong>4⁰.</strong></span> <span class='ocrx_word' id='word_1_336' title='bbox 265 3882 298 3935; x_wconf 86' lang='grc'><strong>16</strong></span> <span class='ocrx_word' id='word_1_337' title='bbox 306 3881 336 3936; x_wconf 83' lang='lat' dir='ltr'><strong>ff.</strong></span> <span class='ocrx_word' id='word_1_338' title='bbox 355 3899 421 3935; x_wconf 88' lang='lat' dir='ltr'><strong>cum</strong></span> <span class='ocrx_word' id='word_1_339' title='bbox 440 3881 512 3951; x_wconf 86' lang='lat' dir='ltr'><strong>sign.</strong></span> <span class='ocrx_word' id='word_1_340' title='bbox 533 3881 596 3934; x_wconf 83' lang='lat' dir='ltr'><strong>sine</strong></span> <span class='ocrx_word' id='word_1_341' title='bbox 616 3884 690 3934; x_wconf 82' lang='lat' dir='ltr'><strong>cust.</strong></span> <span class='ocrx_word' id='word_1_342' title='bbox 708 3897 755 3950; x_wconf 87' lang='lat' dir='ltr'><strong>pp.</strong></span> <span class='ocrx_word' id='word_1_343' title='bbox 774 3897 801 3934; x_wconf 91' lang='lat' dir='ltr'><strong>n.</strong></span> <span class='ocrx_word' id='word_1_344' title='bbox 822 3878 839 3933; x_wconf 94' lang='grc'><strong>1,</strong></span> <span class='ocrx_word' id='word_1_345' title='bbox 859 3896 884 3933; x_wconf 85' lang='lat' dir='ltr'><strong>a.</strong></span> <span class='ocrx_word' id='word_1_346' title='bbox 901 3877 1010 3950; x_wconf 75' lang='grc'><strong>(15201)</strong></span> <span class='ocrx_word' id='word_1_347' title='bbox 1030 3883 1059 3932; x_wconf 88' lang='lat' dir='ltr'><strong>et</strong></span> <span class='ocrx_word' id='word_1_348' title='bbox 1077 3883 1137 3948; x_wconf 85' lang='lat' dir='ltr'><strong>typ.</strong></span> <span class='ocrx_word' id='word_1_349' title='bbox 1156 3875 1311 3947; x_wconf 86' lang='lat' dir='ltr'><strong>n.-(Brit.</strong></span> <span class='ocrx_word' id='word_1_350' title='bbox 1325 3873 1401 3928; x_wconf 82' lang='lat' dir='ltr'><strong>Mus,</strong></span> 
     </span>
     <span class='ocr_line' id='line_1_37' title="bbox 152 3965 1078 4040; baseline -0.01 -14"><span class='ocrx_word' id='word_1_351' title='bbox 152 3969 247 4026; x_wconf 84' lang='lat' dir='ltr'><strong>Gatal.</strong></span> <span class='ocrx_word' id='word_1_352' title='bbox 269 3969 379 4040; x_wconf 76' lang='lat' dir='ltr'><strong>„Berg“</strong></span> <span class='ocrx_word' id='word_1_353' title='bbox 400 3967 568 4024; x_wconf 73' lang='lat' dir='ltr'><strong>litt-Not</strong></span> <span class='ocrx_word' id='word_1_354' title='bbox 589 3983 625 4020; x_wconf 86' lang='lat' dir='ltr'><strong>ex</strong></span> <span class='ocrx_word' id='word_1_355' title='bbox 643 3966 776 4020; x_wconf 90' lang='lat' dir='ltr'><strong>biblioth.</strong></span> <span class='ocrx_word' id='word_1_356' title='bbox 795 3965 871 4020; x_wconf 83' lang='lat' dir='ltr'><strong>Mus</strong></span> <span class='ocrx_word' id='word_1_357' title='bbox 890 3965 1078 4036; x_wconf 87' lang='lat' dir='ltr'><strong>Eritann.).-</strong></span> 
     </span>
    </p>
   </div>
   <div class='ocr_carea' id='block_1_9' title="bbox 153 4092 1402 4277">
    <p class='ocr_par' dir='ltr' id='par_1_11' title="bbox 153 4092 1402 4277">
     <span class='ocr_line' id='line_1_38' title="bbox 207 4092 1402 4180; baseline -0.012 -10"><span class='ocrx_word' id='word_1_358' title='bbox 207 4101 285 4170; x_wconf 78' lang='lat'><strong>427.</strong></span> <span class='ocrx_word' id='word_1_359' title='bbox 298 4101 401 4180; x_wconf 78' lang='lat' dir='ltr'><strong>-(S.</strong></span> <span class='ocrx_word' id='word_1_360' title='bbox 415 4101 636 4168; x_wconf 84' lang='lat' dir='ltr'><strong>Bernardue.</strong></span> <span class='ocrx_word' id='word_1_361' title='bbox 669 4098 765 4164; x_wconf 83' lang='lat' dir='ltr'><strong>Visio.</strong></span> <span class='ocrx_word' id='word_1_362' title='bbox 783 4098 839 4177; x_wconf 78' lang='lat' dir='ltr'><strong>-l</strong></span> <span class='ocrx_word' id='word_1_363' title='bbox 864 4097 1048 4162; x_wconf 86' lang='lat' dir='ltr'><strong>Contrasto</strong></span> <span class='ocrx_word' id='word_1_364' title='bbox 1072 4093 1269 4159; x_wconf 88' lang='lat' dir='ltr'><strong>Dellanime</strong></span> <span class='ocrx_word' id='word_1_365' title='bbox 1292 4117 1310 4156; x_wconf 93' lang='lat' dir='ltr'><strong>e</strong></span> <span class='ocrx_word' id='word_1_366' title='bbox 1333 4092 1402 4156; x_wconf 94' lang='lat' dir='ltr'><strong>Del</strong></span> 
     </span>
     <span class='ocr_line' id='line_1_39' title="bbox 153 4185 977 4277; baseline -0.007 -23"><span class='ocrx_word' id='word_1_367' title='bbox 153 4191 269 4277; x_wconf 85' lang='lat' dir='ltr'><strong>Corpo</strong></span> <span class='ocrx_word' id='word_1_368' title='bbox 283 4187 423 4254; x_wconf 88' lang='lat' dir='ltr'><strong>Veduto</strong></span> <span class='ocrx_word' id='word_1_369' title='bbox 438 4187 480 4251; x_wconf 93' lang='lat' dir='ltr'><strong>In</strong></span> <span class='ocrx_word' id='word_1_370' title='bbox 503 4188 629 4253; x_wconf 77' lang='lat' dir='ltr'><strong>Visione</strong></span> <span class='ocrx_word' id='word_1_371' title='bbox 644 4186 699 4249; x_wconf 86' lang='lat' dir='ltr'><strong>Da</strong></span> <span class='ocrx_word' id='word_1_372' title='bbox 715 4185 783 4250; x_wconf 80' lang='lat' dir='ltr'><strong>San</strong></span> <span class='ocrx_word' id='word_1_373' title='bbox 797 4185 977 4250; x_wconf 74' lang='lat' dir='ltr'><strong>Bernardo.</strong></span> 
     </span>
    </p>
   </div>
   <div class='ocr_carea' id='block_1_10' title="bbox 204 4284 1295 4366">
    <p class='ocr_par' dir='ltr' id='par_1_12' title="bbox 204 4284 1295 4366">
     <span class='ocr_line' id='line_1_40' title="bbox 204 4284 1295 4366; baseline -0.013 -17"><span class='ocrx_word' id='word_1_374' title='bbox 204 4294 252 4366; x_wconf 84' lang='lat' dir='ltr'><strong>(ln</strong></span> <span class='ocrx_word' id='word_1_375' title='bbox 272 4291 551 4348; x_wconf 73' lang='lat' dir='ltr'><strong>versi-Veneria?</strong></span> <span class='ocrx_word' id='word_1_376' title='bbox 572 4288 660 4343; x_wconf 73' lang='lat'>1520?</span> <span class='ocrx_word' id='word_1_377' title='bbox 677 4289 832 4343; x_wconf 62' lang='lat' dir='ltr'><strong>tit-Brit.</strong></span> <span class='ocrx_word' id='word_1_378' title='bbox 851 4288 927 4342; x_wconf 83' lang='lat' dir='ltr'><strong>Mus,</strong></span> <span class='ocrx_word' id='word_1_379' title='bbox 947 4286 1038 4343; x_wconf 83' lang='lat' dir='ltr'><strong>Cetei.</strong></span> <span class='ocrx_word' id='word_1_380' title='bbox 1058 4285 1167 4356; x_wconf 87' lang='lat' dir='ltr'><strong>„Berg“</strong></span> <span class='ocrx_word' id='word_1_381' title='bbox 1190 4284 1295 4356; x_wconf 75' lang='lat'><strong>191).-</strong></span> 
     </span>
    </p>
   </div>
   <div class='ocr_carea' id='block_1_11' title="bbox 152 4416 1402 4776">
    <p class='ocr_par' dir='ltr' id='par_1_13' title="bbox 152 4416 1402 4776">
     <span class='ocr_line' id='line_1_41' title="bbox 206 4416 1401 4509; baseline -0.016 -12"><span class='ocrx_word' id='word_1_382' title='bbox 206 4427 336 4496; x_wconf 67' lang='lat'><strong>428-</strong></span> <span class='ocrx_word' id='word_1_383' title='bbox 347 4428 543 4509; x_wconf 74' lang='lat' dir='ltr'><strong>(Flemenq.</strong></span> <span class='ocrx_word' id='word_1_384' title='bbox 553 4425 608 4506; x_wconf 75' lang='lat' dir='ltr'><strong>-l</strong></span> <span class='ocrx_word' id='word_1_385' title='bbox 622 4423 674 4486; x_wconf 88' lang='lat' dir='ltr'><strong>La</strong></span> <span class='ocrx_word' id='word_1_386' title='bbox 695 4421 750 4487; x_wconf 80' lang='lat' dir='ltr'><strong>Via</strong></span> <span class='ocrx_word' id='word_1_387' title='bbox 764 4423 802 4486; x_wconf 77' lang='lat' dir='ltr'><strong>cic</strong></span> <span class='ocrx_word' id='word_1_388' title='bbox 814 4421 1040 4502; x_wconf 80' lang='lat' dir='ltr'><strong>Moaseipneur</strong></span> <span class='ocrx_word' id='word_1_389' title='bbox 1053 4420 1157 4485; x_wconf 79' lang='lat' dir='ltr'><strong>sainct</strong></span> <span class='ocrx_word' id='word_1_390' title='bbox 1172 4417 1326 4482; x_wconf 79' lang='lat' dir='ltr'><strong>Bernard</strong></span> <span class='ocrx_word' id='word_1_391' title='bbox 1343 4416 1401 4479; x_wconf 91' lang='lat' dir='ltr'><strong>de·</strong></span> 
     </span>
     <span class='ocr_line' id='line_1_42' title="bbox 152 4503 1402 4599; baseline -0.011 -19"><span class='ocrx_word' id='word_1_392' title='bbox 152 4523 234 4582; x_wconf 84' lang='lat' dir='ltr'><strong>nost</strong></span> <span class='ocrx_word' id='word_1_393' title='bbox 250 4510 433 4599; x_wconf 82' lang='lat' dir='ltr'><strong>chapelain</strong></span> <span class='ocrx_word' id='word_1_394' title='bbox 449 4512 491 4576; x_wconf 91' lang='lat' dir='ltr'><strong>de</strong></span> <span class='ocrx_word' id='word_1_395' title='bbox 507 4510 541 4575; x_wconf 89' lang='lat' dir='ltr'><strong>la</strong></span> <span class='ocrx_word' id='word_1_396' title='bbox 552 4509 680 4595; x_wconf 87' lang='lat' dir='ltr'><strong>Vierge</strong></span> <span class='ocrx_word' id='word_1_397' title='bbox 692 4507 802 4574; x_wconf 85' lang='lat' dir='ltr'><strong>Mario</strong></span> <span class='ocrx_word' id='word_1_398' title='bbox 819 4517 853 4572; x_wconf 91' lang='lat' dir='ltr'><strong>et</strong></span> <span class='ocrx_word' id='word_1_399' title='bbox 866 4505 1013 4593; x_wconf 89' lang='lat' dir='ltr'><strong>premier</strong></span> <span class='ocrx_word' id='word_1_400' title='bbox 1025 4505 1113 4570; x_wconf 89' lang='lat' dir='ltr'><strong>abbe</strong></span> <span class='ocrx_word' id='word_1_401' title='bbox 1127 4503 1169 4568; x_wconf 91' lang='lat' dir='ltr'><strong>de</strong></span> <span class='ocrx_word' id='word_1_402' title='bbox 1184 4503 1402 4569; x_wconf 84' lang='lat' dir='ltr'><strong>Clereuanlx.</strong></span> 
     </span>
     <span class='ocr_line' id='line_1_43' title="bbox 154 4589 1402 4680; baseline -0.012 -13"><span class='ocrx_word' id='word_1_403' title='bbox 154 4602 356 4668; x_wconf 79' lang='lat' dir='ltr'><strong>Translatee</strong></span> <span class='ocrx_word' id='word_1_404' title='bbox 381 4599 424 4662; x_wconf 88' lang='lat' dir='ltr'><strong>de</strong></span> <span class='ocrx_word' id='word_1_405' title='bbox 437 4598 524 4663; x_wconf 82' lang='lat' dir='ltr'><strong>latin</strong></span> <span class='ocrx_word' id='word_1_406' title='bbox 540 4621 584 4661; x_wconf 85' lang='lat' dir='ltr'><strong>en</strong></span> <span class='ocrx_word' id='word_1_407' title='bbox 599 4597 762 4680; x_wconf 82' lang='lat' dir='ltr'><strong>freneoys</strong></span> <span class='ocrx_word' id='word_1_408' title='bbox 786 4602 821 4658; x_wconf 87' lang='lat' dir='ltr'><strong>et</strong></span> <span class='ocrx_word' id='word_1_409' title='bbox 843 4594 929 4658; x_wconf 86' lang='lat' dir='ltr'><strong>mise</strong></span> <span class='ocrx_word' id='word_1_410' title='bbox 947 4615 989 4657; x_wconf 90' lang='lat' dir='ltr'><strong>en</strong></span> <span class='ocrx_word' id='word_1_411' title='bbox 1010 4599 1087 4679; x_wconf 88' lang='lat' dir='ltr'><strong>sept</strong></span> <span class='ocrx_word' id='word_1_412' title='bbox 1110 4590 1216 4655; x_wconf 86' lang='lat' dir='ltr'><strong>liures</strong></span> <span class='ocrx_word' id='word_1_413' title='bbox 1233 4589 1402 4654; x_wconf 87' lang='lat' dir='ltr'><strong>destincts</strong></span> 
     </span>
     <span class='ocr_line' id='line_1_44' title="bbox 154 4677 1401 4776; baseline -0.011 -23"><span class='ocrx_word' id='word_1_414' title='bbox 154 4711 218 4776; x_wconf 86' lang='lat' dir='ltr'><strong>par</strong></span> <span class='ocrx_word' id='word_1_415' title='bbox 233 4710 305 4772; x_wconf 87' lang='lat' dir='ltr'><strong>ung</strong></span> <span class='ocrx_word' id='word_1_416' title='bbox 319 4686 443 4752; x_wconf 85' lang='lat' dir='ltr'><strong>ancien</strong></span> <span class='ocrx_word' id='word_1_417' title='bbox 457 4687 609 4767; x_wconf 76' lang='lat' dir='ltr'><strong>relipc&#39;aaa</strong></span> <span class='ocrx_word' id='word_1_418' title='bbox 632 4684 740 4746; x_wconf 73' lang='lat' dir='ltr'><strong>(iudici</strong></span> <span class='ocrx_word' id='word_1_419' title='bbox 760 4682 988 4766; x_wconf 61' lang='lat' dir='ltr'><strong>Claranoalffl.</strong></span> <span class='ocrx_word' id='word_1_420' title='bbox 1011 4679 1053 4743; x_wconf 92' lang='lat' dir='ltr'><strong>In</strong></span> <span class='ocrx_word' id='word_1_421' title='bbox 1076 4678 1162 4743; x_wconf 89' lang='lat' dir='ltr'><strong>fine:</strong></span> <span class='ocrx_word' id='word_1_422' title='bbox 1188 4677 1239 4762; x_wconf 90' lang='lat' dir='ltr'><strong>Cy</strong></span> <span class='ocrx_word' id='word_1_423' title='bbox 1255 4677 1324 4740; x_wconf 85' lang='lat' dir='ltr'><strong>fine</strong></span> <span class='ocrx_word' id='word_1_424' title='bbox 1343 4725 1349 4738; x_wconf 95' lang='lat'><strong>.</strong></span> <span class='ocrx_word' id='word_1_425' title='bbox 1369 4725 1401 4739; x_wconf 93' lang='lat'><strong>..</strong></span> 
     </span>
    </p>
   </div>
   <div class='ocr_carea' id='block_1_12' title="bbox 208 4797 1247 4848">
    <p class='ocr_par' dir='ltr' id='par_1_14' title="bbox 208 4797 1247 4848">
     <span class='ocr_line' id='line_1_45' title="bbox 208 4797 1247 4848; baseline -0.013 -5"><span class='ocrx_word' id='word_1_426' title='bbox 208 4803 280 4844; x_wconf 72' lang='lat' dir='ltr'><strong>senta</strong></span> <span class='ocrx_word' id='word_1_427' title='bbox 296 4801 434 4840; x_wconf 73' lang='lat' dir='ltr'><strong>Bernartius</strong></span> <span class='ocrx_word' id='word_1_428' title='bbox 449 4801 485 4840; x_wconf 83' lang='lat' dir='ltr'><strong>lv.</strong></span> <span class='ocrx_word' id='word_1_429' title='bbox 501 4797 669 4847; x_wconf 72' lang='lat' dir='ltr'><strong>bibliograpnta</strong></span> <span class='ocrx_word' id='word_1_430' title='bbox 683 4797 822 4836; x_wconf 75' lang='lat' dir='ltr'><strong>llernanlina</strong></span> <span class='ocrx_word' id='word_1_431' title='bbox 941 4827 945 4837; x_wconf 89' lang='lat'><strong>.</strong></span> <span class='ocrx_word' id='word_1_432' title='bbox 1230 4797 1247 4848; x_wconf 79' lang='lat'>8</span> 
     </span>
    </p>
   </div>
   <div class='ocr_carea' id='block_1_13' title="bbox 0 0 1713 5270">
    <p class='ocr_par' dir='ltr' id='par_1_15' title="bbox 0 0 1713 5270">
     <span class='ocr_line' id='line_1_46' title="bbox 0 0 1713 5270; baseline 0 0"><span class='ocrx_word' id='word_1_433' title='bbox 0 0 1713 5270; x_wconf 95' lang='lat' dir='ltr'><strong> </strong></span> 
     </span>
    </p>
   </div>
  </div>
 </body>
</html>
