3352 5280
377 551 588 621 Numerosos
611 549 754 619 aliarum
776 549 1068 622 bibliothecarum
1094 552 1272 643 catalogos
1295 577 1316 622 a
1338 552 1440 625 nobis
1463 553 1518 623 in·

272 681 410 764 spectes
433 673 575 742 exhibet
594 673 730 764 Index).

370 797 663 888 '„Bibliogrephia
683 799 916 866 Bernardina“
942 800 1119 868 elaborata
1142 808 1196 867 est
1218 823 1259 869 eo
1283 799 1439 886 consilio,
1464 808 1515 887 ut,

271 921 440 1009 quidquid
456 921 499 987 ad
515 919 686 988 editiones
703 942 846 1008 operum
862 927 967 1008 atque
990 922 1158 990 advitam
1183 929 1218 990 et
1233 923 1371 1010 singula
1386 930 1465 989 acta
1479 922 1515 989 S.

269 1045 438 1111 Bernardi
453 1043 615 1133 pertinet,
629 1043 704 1112 sive
718 1067 823 1112 manu
838 1044 1006 1133 seriptum
1020 1045 1094 1112 sive
1106 1045 1200 1134 typis
1212 1045 1427 1134 impressum,
1440 1044 1515 1111 sive

269 1164 411 1253 majoris
427 1164 500 1232 sive
512 1165 656 1235 minoris
671 1166 838 1234 momenti
849 1174 933 1251 erat,
950 1168 1247 1255 complecteretur.
1261 1167 1385 1254 Itaque
1396 1189 1516 1233 recen-

269 1288 356 1356 sitae
371 1297 452 1356 sunt
467 1291 618 1358 editiones
639 1312 767 1374 eperum
792 1312 870 1356 cum
893 1288 1047 1358 omnium
1070 1297 1146 1356 tum
1168 1290 1383 1377 singulorum
1399 1327 1426 1339 —
1442 1297 1516 1356 tam

268 1411 499 1499 genuinorum
513 1433 617 1499 quam
631 1411 900 1500 suppositorum,
917 1434 1047 1498 eaeque
1062 1410 1189 1500 partim
1204 1411 1280 1478 fuse
1291 1412 1418 1500 partim
1436 1412 1515 1478 bre-

268 1531 359 1599 viter
366 1532 576 1622 descriptae;
588 1555 693 1621 porro
704 1533 843 1602 illorum
851 1535 1007 1602 caderes
1019 1541 1122 1620 atque
1134 1533 1394 1602 dissertationes
1410 1535 1453 1600 de
1463 1534 1515 1600 la-

267 1653 419 1722 tinorum
434 1655 749 1743 translatorumque
762 1657 876 1734 indole,
894 1655 936 1722 de
949 1657 1093 1723 dodana
1109 1655 1143 1722 S.
1155 1655 1325 1722 Bernardi
1341 1657 1513 1744 ejusdem-

267 1800 335 1864 que
348 1777 518 1846 relatione
532 1779 576 1844 ad
593 1779 706 1845 aliena
727 1779 899 1866 dogmata.
916 1779 1149 1845 Accesserant
1167 1779 1241 1845 libri
1254 1780 1513 1864 qualescunque

266 1902 411 1984 operibus
426 1903 561 1968 doctoris
582 1903 683 1968 nostri
694 1902 769 1984 ptris
783 1904 926 1968 minusve
948 1901 1102 1968 adhibitis
1116 1903 1251 1979 aaarati,
1274 1907 1314 1967 ut
1337 1909 1418 1968 sunt
1431 1900 1513 1967 libri

266 2021 541 2108 meditationum,
563 2022 812 2109 precationum,
829 2021 1037 2090 concionum
1056 2021 1193 2108 aliique,
1216 2021 1310 2088 illius
1333 2043 1459 2089 nomen
1474 2022 1512 2088 in

265 2142 381 2210 fronte
403 2150 573 2230 gerentes.
597 2142 689 2210 Dein
708 2144 911 2231 collegimus
932 2143 1008 2231 ejus
1029 2147 1133 2210 vitas:
1155 2143 1340 2226 majores-
1355 2143 1428 2211 scil.
1452 2145 1509 2211 vel

266 2265 397 2331 ambitu
423 2265 480 2331 vel
502 2265 652 2332 fontium
679 2287 744 2331 usu
770 2265 978 2351 eminentes;
1001 2269 1137 2334 mmes
1151 2303 1185 2316 -
1198 2265 1302 2333 variis
1326 2265 1509 2334 hominum

263 2387 450 2473 generibus
466 2395 501 2453 et
515 2387 686 2454 aetatibus
702 2395 837 2476 aptatas
860 2390 953 2455 etad
969 2388 1046 2478 pios
1063 2411 1184 2455 sensus
1208 2388 1411 2456 excitandos
1434 2389 1508 2457 ido·

263 2530 356 2592 neas,
372 2507 650 2595 frequentissime
667 2509 793 2594 editas;
818 2511 922 2578 &was
937 2517 966 2577 et
981 2513 1192 2590 brwissimas,
1209 2512 1327 2597 quales
1341 2509 1378 2576 in
1391 2511 1509 2598 legen-

263 2631 377 2718 dariis,
391 2632 669 2721 encyclopaediis
682 2633 736 2720 (ut
742 2633 884 2719 vocant)
897 2639 933 2698 et
944 2631 1019 2720 ejus
1030 2633 1124 2699 modi
1137 2633 1300 2720 operibus
1313 2640 1510 2700 oceiurunt.

263 2755 464 2842 Adjecimus
487 2755 604 2840 libros,
631 2755 756 2842 quibus
774 2756 955 2838 sispalona
974 2757 1130 2838 quaedam
1151 2755 1185 2820 S.
1200 2755 1366 2821 Bernardi
1387 2761 1459 2822 aeta
1479 2761 1508 2822 et

259 2878 347 2962 qesta
367 2883 582 2944 enarrantur:
607 2884 647 2942 ut
660 2899 723 2964 pro
739 2875 984 2943 reformatione
1001 2876 1084 2943 cleri
1100 2883 1136 2941 et
1150 2876 1337 2943 saecularis
1356 2883 1391 2943 et
1404 2900 1505 2965 regu·

259 2999 342 3066 laris
353 3021 556 3086 morumque
571 2999 679 3066 totius
695 2998 816 3088 populi
832 2999 1084 3083 emendatione,
1096 3021 1159 3087 pro
1171 2997 1408 3066 vindicatione
1423 2999 1505 3066 fidei

261 3121 476 3188 orthodoxae
488 3129 609 3188 contra
621 3122 815 3190 haereticos
831 3129 867 3188 et
880 3121 1029 3188 nominis
1043 3120 1222 3188 christiani
1237 3121 1386 3188 tuitione
1402 3121 1506 3188 etiam

262 3249 394 3310 armata
420 3249 541 3309 eontra
566 3243 725 3330 gentiles,
748 3266 811 3331 pro
833 3242 1035 3309 defensione
1062 3243 1154 3309 sedis
1181 3245 1359 3310 Romanae
1384 3250 1505 3309 contra

261 3363 500 3431 schismaticos
517 3365 672 3452 aliosque
685 3363 908 3449 adversarios,
926 3364 1054 3451 quippe
1070 3364 1196 3450 quibus
1208 3365 1391 3432 momentis
1407 3387 1503 3452 mag-

259 3509 342 3552 num
364 3485 464 3551 illum
485 3487 598 3552 virum
621 3488 875 3573 coelestemque
896 3487 1051 3574 legatum
1077 3486 1178 3554 unice
1201 3486 1375 3553 intentum
1395 3487 1505 3552 fuisse

260 3629 435 3674 sermones
450 3609 535 3696 ejus,
551 3616 719 3675 tractatus
733 3615 770 3675 et
781 3608 949 3697 epistolae
965 3615 1137 3675 testantur
1153 3609 1319 3696 variaque
1336 3631 1424 3696 quae
1447 3631 1503 3675 su-

257 3730 380 3796 stinuit
396 3730 585 3796 certamina
606 3731 765 3819 probant.
780 3730 846 3796 His
863 3729 1082 3818 adjunximus
1106 3729 1239 3816 aliquot
1259 3733 1427 3813 scriptores
1452 3730 1502 3795 tii-

256 3855 379 3920 storiae'
396 3853 470 3920 sive
491 3853 707 3937 universalis,
731 3852 804 3919 sive
829 3853 936 3919 solius
953 3853 1097 3938 Galliae,
1115 3852 1320 3922 Germaniae
1342 3860 1419 3936 ete,
1443 3851 1502 3938 qui

256 3975 349 4042 illius
368 3976 572 4042 relationem
592 3975 634 4040 ad
654 3997 777 4040 aevum
796 3997 894 4040 suum
916 3982 1104 4062 exponunt,
1129 3973 1337 4060 illorumque
1358 3974 1400 4040 de
1418 3973 1502 4039 Ber-

255 4097 364 4164 nardo
386 4097 491 4164 heroe
513 4104 548 4163 et
568 4098 762 4164 literatorum
776 4096 930 4163 virorum
950 4098 992 4162 de
1011 4096 1188 4163 Bernardo
1210 4103 1350 4163 auctore
1362 4095 1501 4178 judicia.

256 4219 455 4305 Sequuntur
467 4218 578 4284 omnis
589 4218 726 4304 generis
733 4221 929 4303 paneyyrici
942 4240 1100 4284 sermone
1116 4217 1230 4284 soluto
1243 4216 1396 4304 ligatore
1408 4239 1501 4285 com·

253 4339 370 4428 positi,
389 4341 575 4428 praecipue
591 4340 700 4406 sacri:
722 4341 779 4406 vel
795 4361 815 4406 a
829 4339 968 4428 templis
986 4339 1023 4404 in
1039 4339 1165 4426 quibus
1184 4339 1428 4425 recitabantur,
1444 4340 1500 4407 vel

255 4462 298 4529 ab
322 4462 516 4531 oratoribus
542 4462 832 4548 eloquentissimis
856 4462 914 4528 vel
937 4463 980 4528 ab
1004 4468 1207 4548 argumento
1230 4463 1410 4550 proposito
1430 4483 1499 4527 me-

253 4583 362 4651 moria
377 4584 490 4671 digni;
508 4586 552 4650 ad
566 4606 652 4672 quos
669 4585 771 4652 etiam
786 4584 962 4672 pertinent
967 4607 1087 4667 preces,
1104 4586 1245 4663 litaniae,
1260 4585 1379 4670 hymni,
1401 4587 1499 4652 adio-

252 4728 307 4774 aes
325 4709 464 4773 scenicae
483 4710 686 4792 musicaeque,
708 4705 816 4774 cultui
833 4704 905 4772 divi
922 4705 1057 4772 abbatis
1077 4706 1256 4773 dedicatae
1277 4727 1498 4794 summaeque
