3352 5280
818 439 974 545 -v—ia—

452 632 513 699 IV.
537 631 587 700 De
613 633 739 702 Christo
761 640 790 701 et
812 637 951 703 ccclmia.

453 720 989 805 Vffifflmdmm-

378 817 429 872 51.
452 806 607 874 Planctus
630 807 673 873 B.
689 809 820 874 Mariae
841 809 877 875 V.
902 808 952 896 (in
975 816 1085 876 morte
1110 809 1183 876 sivo
1207 811 1244 876 in
1267 810 1427 898 passione
1448 811 1518 877 Do·

272 894 358 960 mini
381 894 500 959 Nostri
522 894 610 960 lesu
634 893 787 978 Christi).
811 896 901 961 ino:
934 897 1018 975 Quis
1043 897 1141 962 dabit
1164 897 1270 986 capiti
1292 920 1371 964 meo
1395 921 1517 984 aquam

275 989 310 1047 55
332 979 442 1048 oculis
466 980 551 1046 mois
574 980 720 1047 imbrem
742 982 972 1048 lacrimarum.

452 1068 619 1152 Praefatio
643 1071 681 1134 de
707 1069 821 1147 Contu,
844 1069 915 1134 vid.
942 1081 1061 1135 101.-

379 1165 431 1220 52.
451 1155 556 1222 Prosa
571 1157 606 1220 in
617 1156 740 1238 festum
755 1155 798 1220 B.
815 1157 947 1222 Muciae
969 1155 1005 1222 V.
1025 1156 1082 1244 (de
1106 1179 1175 1243 qua
1197 1157 1247 1223 nil
1272 1157 1432 1242 constat).
1447 1196 1473 1205 —

380 1253 431 1308 59.
455 1242 650 1308 Psalterium
673 1242 716 1307 B.
740 1243 871 1309 Mariae
892 1243 929 1308 V.
942 1281 977 1292 -

453 1328 568 1413 Pnanu
590 1332 674 1396 inter
695 1351 824 1413 reanum
850 1330 981 1407 Christi,
1005 1330 1074 1396 vid.
1100 1341 1198 1396 50.-

451 1416 506 1480 1)5
528 1416 644 1500 Puqna
666 1417 840 1498 spirituali,
864 1417 935 1482 vid.
958 1428 1009 1482 50.
1024 1456 1050 1466 -
1658 1445 1659 1504 j

377 1513 428 1568 54.
447 1503 502 1567 Do
522 1503 664 1586 Quatuor
675 1504 831 1586 aradibus
851 1505 1092 1571 ascendentibus
1114 1503 1151 1569 in
1175 1504 1282 1570 vitam
1306 1504 1518 1590 contempla·
1658 1527 1659 1590 3

272 1588 380 1653 livam
404 1595 439 1653 55
451 1597 585 1739 lgastum
607 1589 643 1654 in
665 1590 813 1676 gloriam
836 1589 885 1670 (in
908 1591 1065 1668 Mea).-

486 1699 505 1741 e
532 1678 673 1759 Quutuor
694 1679 797 1744 modis
819 1679 945 1755 orandi,
969 1677 1038 1742 vid.
1065 1689 1115 1743 58.
1129 1716 1163 1726 -

377 1772 427 1826 55.
454 1764 595 1846 Querela
619 1763 710 1829 sive:
735 1763 893 1846 Diamqus
915 1766 1043 1830 animae
1066 1773 1101 1830 55
1125 1765 1280 1852 eorporis
1304 1763 1516 1829 damnati:-

451 1849 505 1914 De
528 1850 694 1934 Reynnine
716 1852 820 1917 cordis
844 1858 919 1934 ete,
943 1851 1013 1917 vid.
1038 1861 1136 1917 20.-

375 1947 426 2001 56.
450 1936 574 2019 Reyula
601 1937 827 2004 Conuersorum
851 1937 990 2003 Ordinis
1016 1938 1267 2004 Cistoroionsis.
1280 1976 1316 1987 —

377 2034 427 2089 57.
457 2023 580 2106 Reyula
602 2024 787 2107 Pauperum
814 2027 1057 2090 commilitonum
1083 2025 1206 2092 Christi
1229 2030 1256 2090 et
1281 2026 1403 2108 Templi
1427 2023 1518 2090 Salo·

271 2111 374 2176 manis
398 2109 647 2197 (verisimiliter
670 2133 690 2176 a
712 2112 736 2178 J
739 2111 875 2176 ohanne
897 2110 1138 2177 Michaellensi
1163 2113 1327 2198 exarata).

376 2209 426 2263 58.
451 2195 547 2263 Scala
566 2197 794 2265 Claustrulium
813 2197 864 2284 (in
880 2197 1043 2284 operibus
1060 2198 1093 2264 S.
1110 2199 1300 2284 Augustini
1315 2199 1378 2264 sub
1395 2197 1517 2263 titulo:

271 2284 368 2350 Scala
390 2284 575 2366 Paradisi),
600 2307 662 2350 seu
679 2285 848 2350 Tractatns
871 2286 909 2350 de
932 2287 1031 2351 Modo
1053 2289 1178 2364 mandi,
1202 2286 1276 2350 vel:
1301 2285 1352 2351 De
1378 2287 1521 2368 Quatuor
1658 2269 1659 2272 Ἴ

270 2373 373 2437 modis
396 2373 512 2437 orandi
535 2371 732 2459 (eujusdam
756 2369 1001 2438 carthusiani?
1026 2372 1246 2460 Guigonistj.
1261 2411 1287 2420 -

452 2458 611 2540 Scriptum
636 2465 744 2525 contra
764 2457 959 2536 Waldenses‚
982 2457 1053 2524 vid.
1081 2471 1150 2526 119.
1167 2499 1194 2508 -

375 2555 425 2609 59.
452 2544 629 2612 Sententiae
645 2545 678 2611 S.
694 2547 861 2611 Bernardi
876 2545 1035 2631 (numero
1050 2547 1156 2612 XVII
1172 2555 1207 2612 55
1221 2545 1355 2630 XXVI,
1372 2567 1518 2630 sequen-

272 2630 366 2696 tibus
389 2632 449 2696 lon
475 2630 590 2717 iores).
604 2671 631 2680 -

375 2728 426 2782 60.
450 2655 631 2784 Sententiae
646 2741 684 2784 cu
700 2718 732 2784 S.
750 2719 916 2783 Bernardi
931 2720 1077 2802 menius
1093 2722 1290 2802 deprecatam
1310 2717 1370 2784 oi:
1387 2717 1519 2796 Flores;

270 2806 328 2870 aL:
345 2804 443 2870 Liber
457 2805 700 2872 Sententiarum.
718 2805 823 2892 (Sunt
837 2805 1099 2870 CLXXXVI-
1107 2806 1180 2893 jam
1198 2807 1231 2872 S.
1245 2803 1413 2871 Bernardi
1430 2826 1517 2870 osvo

269 2895 397 2976 notae).
412 2930 438 2939 -

453 2977 631 3046 sesninc
653 2983 796 3061 exceptae
820 2984 896 3060 555,
920 2978 989 3044 vid.
1017 2990 1114 3044 19.-

376 3076 426 3130 61.
452 3065 560 3131 Sermo
583 3067 617 3130 in
633 3067 780 3130 Adventu
803 3064 945 3130 Domini.
971 3066 1203 3151 (EstAelredi
1219 3063 1516 3145 Rievallonsis).-

375 3163 426 3215 62.
456 3153 564 3218 Sermo
590 3154 626 3217 in
646 3154 733 3236 festo
762 3152 794 3217 S.
819 3153 976 3217 Andreae.
1009 3153 1088 3238 (Est
1116 3153 1252 3218 Nicolei
1284 3151 1516 3218 Clarevallen-

270 3239 340 3323 sis).
361 3276 384 3286 -

375 3335 426 3390 68.
452 3325 560 3391 Sermo
582 3325 619 3390 in
641 3326 890 3413 Assumptione
913 3325 955 3390 B.
978 3324 1107 3391 Mariae
1122 3327 1163 3390 V.
1178 3365 1203 3374 -

374 3423 425 3478 64.
449 3412 557 3478 Sermo
573 3414 607 3477 in
624 3413 790 3480 Canticum
805 3413 848 3478 B.
865 3413 996 3478 Mariae
1015 3413 1051 3477 V.
1073 3413 1289 3499 (Magnificus
1306 3411 1420 3476 anima
1439 3432 1516 3475 meo

268 3498 481 3577 Dominum).
499 3537 525 3546 —

449 3585 569 3651 Sermo
594 3585 635 3650 de
659 3585 821 3669 Caritate,
845 3585 915 3651 vid.
941 3596 992 3650 89.
1008 3623 1042 3634 -

374 3683 424 3738 65.
450 3672 557 3739 Sermo
576 3673 620 3737 ad
640 3672 778 3737 Clarum
801 3673 837 3737 in
861 3672 1010 3740 coneilio
1030 3673 1193 3738 Remensi
1215 3679 1472 3759 congregatum.
1485 3708 1513 3719 —

374 3771 424 3824 66.
449 3759 558 3825 Sermo
581 3761 615 3824 in
640 3760 745 3825 Coena
769 3759 910 3826 Domini.
927 3798 961 3809 -

373 3857 423 3912 67.
447 3847 501 3912 De
519 3847 665 3913 Sermone
680 3847 813 3912 Domini
828 3850 863 3911 in
878 3848 991 3912 ultima
1008 3868 1101 3912 coena
1118 3848 1160 3911 ad
1178 3846 1368 3934 discipulos
1384 3845 1513 3911 habito.

268 3935 426 4022 (Spectat
449 3935 493 3999 ad
516 3933 689 4019 Ogerium,
714 3933 875 3999 abbatom
898 3933 1044 3998 Luoedii
1068 3933 1148 3999 Ord.
1173 3933 1342 4018 0555555).
1359 3971 1393 3981 -

373 4031 424 4087 68.
449 4020 557 4086 Sermo
579 4025 614 4086 in
630 4021 824 4103 parabolam
847 4022 1056 4103 cvunqclicam
1080 4021 1117 4085 de
1140 4019 1254 4086 Decem
1275 4021 1467 4103 Viryinibus.
1484 4057 1511 4066 -

373 4119 423 4173 69.
448 4107 555 4174 Sermo
579 4111 613 4172 in
635 4107 807 4173 Dominica
829 4106 1029 4173 Palmarum.
1046 4145 1069 4154 —

373 4205 423 4259 70.
449 4195 556 4260 Semne
573 4194 689 4278 (Faria
703 4195 739 4259 Π
755 4193 949 4279 Paschaiis)
966 4195 1005 4259 de
1018 4193 1152 4260 Duobus
1168 4194 1335 4276 discipulis
1351 4191 1513 4258 euntibus

267 4279 304 4344 in
326 4281 465 4347 Emeus.
490 4282 666 4366 (Luem).
683 4320 710 4330 -

374 4382 422 4434 71.
448 4369 555 4434 Sarno
579 4371 617 4434 de
638 4369 813 4434 Duodecim
830 4370 935 4450 portis
957 4368 1146 4434 Jerusalem.
1164 4405 1191 4414 -

373 4465 422 4521 52.
448 4455 555 4521 Sermo
571 4456 621 4542 (in
637 4455 742 4520 verba
758 4454 961 4541 evangelii):
986 4455 1068 4520 Ecce
1082 4476 1138 4520 nos
1151 4454 1336 4536 reliquimus
1351 4456 1466 4520 omnia.
1478 4491 1514 4502 -

370 4552 420 4608 79.
445 4543 551 4607 Sermo
575 4543 612 4608 de
634 4543 804 4626 Fuyicnda
827 4543 930 4607 cardis
952 4547 981 4607 et
1004 4542 1142 4624 corporis
1164 4541 1377 4607 immunditia..
1394 4579 1427 4591 -

373 4639 423 4693 74.
448 4629 556 4694 Sermo
580 4630 630 4714 (in
654 4629 739 4696 illud
762 4627 940 4694 Michaeas
966 4639 994 4713 6,
1019 4631 1070 4712 8):
1099 4629 1251 4692 Indicabo
1275 4629 1342 4704 tibi,
1367 4649 1383 4692 o
1405 4630 1513 4706 lcmo;

268 4715 309 4780 al.
334 4715 537 4803 inscriptus:
561 4716 611 4783 De
634 4720 720 4783 trina
742 4719 896 4799 qccalilatc
919 4717 1140 4799 lacrcjmarnm.
1158 4751 1190 4763 -
