3398 5270
653 418 808 515 —c—r-

102 613 281 672 correctus
298 611 334 670 et
346 606 548 670 emendatus
557 607 591 688 (.)
606 605 696 670 Item
708 606 793 671 utile
806 608 978 692 quoddam
991 607 1096 672 breue
1109 608 1354 674 documentum

102 693 158 758 his
174 693 235 778 qui
257 714 485 780 sepenumero
507 693 726 759 confitentur.
750 694 838 758 ltem
853 698 955 761 oratio
970 697 1174 761 deuotissima
1189 697 1272 760 beati
1288 697 1354 762 ber·

101 783 203 845 cordi
216 781 378 866 cdfitium
395 782 492 845 iesum
508 786 544 844 et
556 786 701 844 matrem
718 780 802 846 eius.
822 782 911 846 ltem
931 781 999 846 alia
1017 784 1119 847 oratio
1134 783 1272 850 eiusdem
1288 783 1354 848 ber·

102 869 203 932 nardi
222 869 267 932 ad
284 868 386 932 solum
405 871 547 932 matrem.
569 867 641 932 Sub
661 867 715 932 tit.
736 868 873 952 signum
893 875 928 934 et
946 891 1091 934 nomen:
1112 869 1137 934 J
1139 867 1228 934 chan
1250 869 1354 935 Petit.

104 955 133 1020 F
146 967 229 1020 lvo:
245 953 376 1040 Incipit
388 954 529 1018 Ortulus
541 953 712 1019 Rosarum
729 956 771 1019 de
786 956 877 1020 valle
892 956 1135 1020 lachrimarum
1148 960 1181 1038 (.)
1196 957 1251 1021 De
1262 955 1355 1022 bona

104 1041 274 1106 societate
299 1041 475 1126 querenda
498 1049 533 1104 et
556 1041 647 1106 mala
671 1042 827 1107 cauenda
848 1043 1047 1130 Capitulum
1070 1041 1219 1129 primum
1247 1051 1312 1108 etc.
1327 1083 1354 1092 -

105 1130 135 1192 F
147 1139 206 1192 19:
229 1127 348 1192 Oratio
364 1129 405 1191 ad
423 1128 601 1192 dominum
615 1127 726 1193 iesum
741 1137 776 1194 et
791 1129 865 1194 eius
880 1137 1024 1195 matrem
1040 1151 1144 1214 quam
1160 1130 1357 1218 composuit

104 1217 231 1280 beatus
244 1214 433 1279 bernardus
444 1220 479 1298 (.)
493 1215 653 1300 „Summe
666 1217 790 1280 summi
802 1223 841 1280 tu
851 1217 959 1304 patris
971 1217 1105 1282 vnice“.
1117 1217 1147 1280 F
1157 1227 1261 1283 alvo:
1275 1217 1355 1282 Alia

106 1301 220 1368 oratio
238 1301 331 1366 beati
348 1301 507 1366 bernardi
526 1303 569 1367 ad
584 1302 722 1366 beatam
738 1303 881 1368 mariam
893 1309 938 1386 (.).
965 1303 1076 1390 „Mole
1097 1325 1235 1390 pressus
1251 1304 1355 1391 hujus

106 1387 280 1454 miserie“.
302 1390 398 1454 Fac:
415 1387 570 1475 Explicit
590 1389 723 1454 ortnlns
739 1412 905 1456 rosarum.
929 1390 1072 1456 Nouiter
1087 1390 1276 1477 impressus
1286 1412 1355 1490 pro

106 1477 234 1542 ioanne
254 1475 343 1562 petit
362 1484 596 1542 commorante
620 1477 656 1540 in
678 1477 757 1542 vico
781 1478 892 1542 sancti
913 1477 1027 1542 iacobi
1048 1477 1090 1541 ad
1113 1477 1356 1564 intersignium

106 1563 222 1628 leonis
238 1563 394 1648 argentei
407 1563 445 1650 (.)
459 1601 486 1611 -

161 1667 231 1722 Sine
244 1683 269 1721 a.
283 1671 316 1729 (c.
330 1667 414 1734 1500).
427 1667 457 1720 8ο
467 1669 535 1722 min.
546 1668 590 1723 ch.
601 1668 683 1738 goth.
693 1669 727 1720 24
738 1669 766 1724 ff.
781 1668 843 1736 (ult.
853 1673 957 1738 vacat).
971 1668 1003 1723 31
1017 1669 1047 1724 ll.
1060 1670 1125 1724 sine
1137 1675 1212 1724 cust.
1227 1675 1257 1722 et
1268 1687 1315 1740 pp.
1328 1687 1356 1724 n.

107 1773 177 1808 cum
193 1757 266 1826 sign.
280 1755 688 1826 -(Desba1reaux-Bernard‚
704 1757 806 1812 Incun.
823 1757 858 1810 de
874 1757 904 1812 la
918 1756 1050 1812 biblioth.
1067 1756 1104 1810 de
1119 1755 1279 1828 Toulouse,
1299 1757 1356 1812 106.

107 1843 142 1896 N.
160 1842 343 1896 lat-Hist.
358 1843 430 1897 Litt.
445 1842 481 1896 de
497 1842 527 1896 la
540 1843 653 1898 Franco
669 1843 755 1899 XIII.
769 1843 868 1898 224-
882 1843 937 1898 Vis.
954 1859 989 1897 ex
1005 1842 1139 1898 biblioth.
1153 1841 1355 1914 Guelpherby-

107 1931 234 1998 tana).-

163 2071 769 2159 245.-(115mnusquuam,9au-)
779 2073 831 2158 Cy
844 2079 1084 2138 commencent
1096 2074 1139 2139 les
1151 2077 1218 2155 sept
1226 2072 1356 2154 peccul-

108 2183 175 2226 Μ’
188 2183 231 2224 en
246 2159 418 2246 lianzcys.
431 2161 472 2225 In
488 2160 573 2224 fine:
591 2159 644 2246 oy
659 2159 818 2224 finissent
831 2160 881 2224 les
898 2166 975 2245 sept
989 2161 1183 2246 pseaulmes
1199 2157 1357 2246 peniten-

109 2247 220 2311 tiaulx
234 2253 269 2311 et
280 2249 313 2312 la
326 2247 453 2316 letanie
467 2271 509 2312 en
525 2247 706 2313 t'ranczois.
719 2247 827 2312 Add:
843 2253 945 2314 &cers
954 2246 1003 2312 De
1016 2247 1062 2312 St.
1073 2247 1233 2323 Bernord
1247 2245 1359 2311 moult

110 2337 238 2402 deuotz
255 2341 290 2398 et
303 2333 499 2421 pufitables.
513 2373 540 2382 —

161 2440 193 2490 4⁰
204 2441 273 2493 min.
289 2437 320 2492 18
331 2438 359 2494 ff.
372 2437 454 2508 goth.
467 2439 530 2492 sine
544 2437 604 2492 ulla
615 2443 694 2493 nota.
704 2437 875 2509 (hantonae,
887 2437 963 2492 Jean
974 2437 1048 2492 Grae
1058 2437 1123 2510 ¹).-
1132 2436 1261 2492 Graesse
1269 2435 1320 2490 VI.
1333 2452 1358 2492 a.

108 2526 171 2578 363.
180 2525 366 2580 -Perenuts
378 2525 401 2579 Ι.
417 2525 485 2591 164).
494 2555 521 2564 -

163 2611 197 2666 N.
210 2615 329 2667 lzrecte
340 2615 485 2683 „crest-

165 2753 240 2822 246.
260 2793 302 2802 —
323 2755 503 2841 (Hymnus
526 2755 666 2838 quidm,
689 2755 765 2838 poll.
786 2755 843 2841 —)
868 2753 920 2840 Cy
944 2759 1183 2818 commencent
1206 2751 1257 2816 les
1282 2759 1361 2839 sept

108 2841 315 3014 ἶὶθέιιὲὲοέ.
327 2841 475 3012 (asmiald)
484 2841 573 2978 2:15)
597 2842 687 2908 Add.
708 2853 728 2907 8
746 2864 824 2908 vers
848 2842 890 2906 de
912 2841 962 2906 St.
982 2839 1148 2906 Bernard.
1170 2838 1358 2926 (Lugduni,

164 3034 194 3088 4⁰
205 3037 277 3088 min.
288 3033 369 3102 goth.
379 3065 406 3075 -
414 3033 555 3106 (Graesse
567 3034 616 3090 Vl.
629 3051 655 3088 a.
668 3032 727 3088 363.
737 3064 764 3074 —
773 3031 922 3087 Perennis
934 3032 957 3086 1.
973 3032 1041 3103 164.)
1050 3063 1077 3074 -

166 3173 242 3243 247.
260 3214 302 3222 -
325 3177 504 3260 (Hymnus
527 3176 667 3257 quidam,
690 3175 767 3256 pall.
786 3173 840 3255 —)
865 3171 918 3258 cy
941 3177 1181 3236 commencent
1206 3170 1256 3235 les
1282 3177 1360 3257 sept

109 3262 307 3362 pesaulmes
320 3264 400 3348 (etc.
409 3261 479 3326 vid.
488 3261 530 3326 N.
539 3261 628 3346 245).
642 3261 731 3325 Add.
743 3266 765 3325 8
780 3282 848 3326 vers
864 3261 902 3325 de
919 3259 965 3324 St.
975 3258 1126 3324 Berncrd
1135 3259 1215 3345 (etc.
1228 3257 1360 3322 Iterum

109 3371 269 3436 impress.
283 3349 439 3414 Viennae
455 3349 491 3413 in
506 3349 610 3434 Gall.)
624 3370 687 3435 par
702 3347 842 3412 maistre
856 3346 974 3411 Pierre
991 3343 1160 3410 Schenck.
1177 3382 1203 3392 -

164 3455 203 3508 4⁰.
216 3453 250 3506 24
262 3453 291 3509 ff.
304 3452 338 3506 24
351 3452 381 3509 ll.
395 3452 439 3506 ch.
451 3451 533 3521 goth.
547 3453 610 3507 sine
623 3449 685 3506 ulla
696 3457 776 3506 ncta.
786 3480 812 3490 -
821 3449 960 3521 (Graesse
969 3448 1020 3504 v1.
1033 3465 1059 3504 a.
1069 3447 1128 3502 363.
1138 3477 1165 3488 -
1174 3446 1324 3502 Perennae
1336 3445 1360 3503 1.

113 3544 182 3608 164).
194 3572 222 3584 -

165 3681 243 3752 248.
253 3721 295 3731 -
306 3683 434 3752 Modus
450 3682 540 3749 bene
553 3680 703 3748 vivendi
720 3677 758 3742 in
778 3675 1001 3742 christianam
1020 3673 1224 3761 religionem
1246 3674 1290 3738 ad
1306 3695 1361 3740 ec·

111 3793 245 3928 rorgtmtil
262 3873 305 3930 ch.
317 3873 398 3944 goth.
415 3875 479 3927 sine
496 3877 576 3926 nota
592 3869 734 3942 (Parisiis,
751 3868 834 3923 Felix
850 3866 1018 3938 Balligault‚
1034 3883 1057 3922 c.
1074 3863 1361 3920 1500.-Rosenthal

114 3961 431 4034 mmuumſtr

166 4105 245 4174 249.
257 4143 296 4152 -
310 4107 374 4182 (De
384 4105 584 4188 Praecepto
597 4106 635 4169 et
646 4100 938 4186 Dispensatione.
949 4096 1005 4181 —-)
1022 4091 1223 4161 Consolatio
1235 4113 1362 4177 magna

114 4193 358 4278 religiosorum
377 4190 490 4254 bonae
506 4187 696 4254 voluntatis
713 4209 755 4250 ex
774 4184 939 4270 „Rosario
956 4203 1153 4248 sermonum
1168 4179 1362 4267 predicabi-

115 4284 222 4350 tinm“
240 4277 450 4346 Bernardini
466 4278 511 4341 du
527 4275 646 4341 Bustis
663 4275 736 4340 ord.
752 4273 836 4338 Min.
853 4271 960 4357 (quod
978 4267 1155 4356 „Uenetiis
1178 4289 1241 4354 per
1255 4267 1362 4331 Geor-

116 4373 211 4456 gium
234 4365 461 4433 Arriuabenis
484 4362 548 4429 sub
573 4383 663 4428 anno
689 4371 782 4428 1498.
805 4359 918 4448 pridie
941 4357 1107 4422 kalendas
1130 4352 1274 4421 Junias‘*
1299 4353 1362 4419 im·

117 4479 272 4544 pressum
286 4463 348 4520 est.
360 4451 485 4518 Eidem
498 4451 675 4536 adhaeret)
688 4450 721 4515 S.
734 4449 901 4514 Bernardi
917 4449 1009 4511 litera
1026 4446 1063 4510 de
1071 4447 1239 4527 praecepto
1254 4447 1283 4508 et
1298 4443 1363 4508 dis·

116 4547 300 4627 peractione
315 4545 395 4625 (etc.
411 4540 660 4624 Fragmentum
672 4535 753 4602 libri
769 4534 933 4621 majoris).
947 4573 974 4582 -

167 4648 224 4703 9ff.
237 4647 271 4702 27
284 4647 314 4701 ll.
328 4645 373 4700 ch.
385 4643 466 4714 goth.
480 4659 546 4697 cum
559 4644 633 4714 sign.
648 4639 848 4710 incompletis;
865 4655 888 4693 c.
903 4638 978 4692 1500.
988 4633 1189 4690 -Rosenthal
1203 4631 1306 4689 Catall.
1320 4632 1362 4688 49.

120 4732 457 4802 immmumf

1172 4824 1207 4879 5*
