3398 5270
756 433 796 497 95

151 621 275 684 tertio“;
288 621 341 677 aed
352 621 426 676 haec
437 619 633 692 discrepantia
645 620 681 676 ad
695 627 808 693 purtem
820 623 948 693 priorem
961 625 991 675 et
1004 619 1153 692 „libellum
1165 617 1201 674 de
1214 619 1402 691 contemptu“

149 727 212 764 non
224 711 360 781 pertinet.
376 707 519 780 Ejusdem
531 708 707 781 typographi
720 713 767 764 est
782 711 871 764 etiam
890 707 995 780 „Liber
1007 707 1043 762 de
1056 711 1228 778 contemptu
1240 706 1367 763 mundi“.
1377 738 1404 749 -

155 797 212 851 Vir.
225 813 262 850 ex
272 795 406 851 biblioth.
419 795 506 866 palat.
520 795 633 850 Monac.
647 799 677 850 et
688 795 872 864 vindobon).
881 826 908 836 -

208 917 334 988 361.-
348 919 396 1002 (S.
411 919 632 988 Bernartius.
648 919 797 1000 Epistola
816 919 861 984 ad
879 918 1108 993 Roimendum,
1132 938 1228 998 pom.
1246 915 1302 1001 -)
1325 915 1400 980 Fr:

151 1008 234 1092 Hye
249 1005 362 1070 leernt
378 1004 458 1070 Sani
473 1005 636 1070 Bernhart
656 1027 733 1092 wye
756 1005 813 1070 ein
831 1004 971 1091 yeglich
990 1026 1070 1068 men
1089 1001 1310 1068 hauszhaben
1331 1003 1404 1067 vnd

151 1115 242 1177 seyn
256 1094 355 1158 incuss
369 1094 510 1174 repiercn
525 1092 600 1156 soll.
616 1093 727 1158 Flvo
744 1092 890 1178 (Eadem
905 1091 1029 1173 verba3
1045 1091 1156 1177 posti:
1173 1089 1273 1154 Dhlm
1288 1088 1402 1154 erwir-

153 1180 260 1264 digeri
273 1179 343 1244 vnd
361 1187 524 1264 strengen
538 1179 655 1244 Ritter
669 1178 794 1244 herren
806 1179 1038 1263 Reymunden
1051 1179 1093 1242 zir
1108 1177 1175 1242 den
1187 1175 1301 1241 zeiten
1313 1199 1404 1242 seez·

152 1267 230 1331 halt
250 1267 293 1330 21⁸1
310 1265 475 1352 Mayland
494 1267 537 1330 ad
558 1267 665 1331 Sanct
683 1265 858 1351 Ambrosij
883 1265 1009 1332 Castel.
1033 1263 1187 1329 Embeiit
1204 1263 1262 1328 ich
1283 1263 1336 1328 dir
1355 1263 1404 1327 elt

152 1353 378 1418 Bernhardus
394 1351 469 1418 sein
484 1352 610 1438 gebest
624 1353 730 1438 (etc).
746 1354 785 1417 In
802 1351 888 1418 fine:
905 1351 1060 1417 Darumb
1078 1371 1116 1416 so
1130 1350 1249 1416 merck
1264 1373 1334 1416 was
1351 1349 1404 1414 dir

153 1439 216 1505 das
231 1439 443 1505 nutalichest
457 1462 529 1526 sey.
552 1439 619 1504 Die
634 1440 707 1504 leer
722 1440 783 1504 der
798 1440 1053 1524 heuszhaltung
1074 1438 1223 1523 geendet
1237 1459 1292 1502 arn
1307 1459 1404 1502 mon·

152 1537 216 1613 teg
236 1547 301 1592 vor
323 1527 432 1592 Lucie
454 1527 563 1592 durch
586 1527 708 1592 Hanns
734 1527 984 1614 schensperger
1008 1526 1074 1590 den
1097 1526 1121 1591 J
1123 1547 1239 1610 ungen
1253 1573 1261 1589 .
1274 1523 1376 1590 Anno
1395 1574 1402 1589 .

151 1615 206 1680 M.
217 1633 431 1681 cccccx.-

206 1717 246 1772 40.
255 1717 271 1771 6
279 1716 479 1790 11-(11161161,
487 1717 605 1788 Repert.
614 1723 674 1790 typ.
683 1717 724 1772 62.
735 1717 769 1772 N.
778 1717 837 1773 532.
845 1749 872 1758 -
881 1718 935 1772 Vir.
946 1735 982 1772 ex
992 1715 1124 1772 biblioth.
1135 1715 1222 1787 palat.
1235 1714 1404 1784 Mense).-

208 1841 333 1910 362.-
348 1841 395 1927 (S.
411 1843 631 1911 Bernartius.
644 1841 700 1926 -)
719 1841 776 1906 Fl
794 1839 879 1906 Tit:
903 1841 1071 1908 FLcrctus
1090 1839 1309 1922 theologicus
1331 1861 1402 1904 cer·

150 1927 248 1992 mine
272 1927 483 2014 descriptus:
508 1928 705 2015 subscripta
729 1927 911 1993 continens
931 1929 969 2014 (:)
992 1929 1046 1993 De
1068 1927 1137 1993 fide
1162 1925 1334 1992 catholica
1356 1925 1403 1989 Elt

150 2015 337 2080 credendis
353 2015 391 2098 (.)
415 2016 469 2079 De
485 2016 658 2101 preceptis
676 2016 795 2080 decem
810 2015 1007 2080 tabularum
1020 2013 1136 2100 Moysi
1153 2013 1190 2098 1.)
1212 2013 1265 2078 De
1279 2034 1402 2099 pecca·

150 2110 269 2167 torum
291 2101 491 2166 discrimine
512 2110 546 2166 et
567 2103 697 2166 eisdem
712 2102 865 2166 vitandis
883 2105 920 2188 (.)
943 2104 997 2166 De
1014 2101 1238 2166 sacrementis
1255 2099 1401 2165 ecclesie

151 2189 275 2253 christi
286 2189 323 2273 (.)
335 2190 389 2252 De
401 2189 588 2254 virtutibus
601 2189 789 2254 moralibus
805 2195 840 2252 et
848 2187 1054 2274 theologicis
1065 2190 1101 2270 1.)
1113 2189 1167 2252 De
1178 2194 1299 2270 morte,
1314 2185 1402 2250 eius-

151 2297 220 2360 que
235 2276 421 2360 sequela(.l
434 2276 510 2340 Pol.
521 2287 554 2340 2:
568 2276 697 2363 incipit
711 2276 926 2362 prooemium
938 2276 974 2340 in
990 2276 1186 2354 Floretum3
1203 2274 1249 2339 ib.
1260 2285 1338 2338 tvo:
1355 2273 1403 2337 Et

150 2363 218 2428 hac
233 2363 276 2427 de
290 2385 394 2427 cause
406 2370 546 2426 sanctus
562 2365 749 2428 iterem-ms
760 2363 853 2427 hunc
865 2362 992 2427 librum
1005 2362 1201 2449 composuit
1213 2360 1307 2444 (etc.)
1318 2383 1325 2442 ;
1338 2359 1401 2424 ib.:

310 2448 456 2514 nOrnine
472 2449 615 2514 floretus
631 2449 719 2514 liber
734 2449 858 2536 incipit
874 2451 915 2514 ed
932 2449 1025 2514 bona
1041 2457 1160 2536 ceptus

312 2536 392 2600 Sem
420 2559 457 2600 er
472 2537 537 2600 erit
552 2544 647 2600 tutus
665 2536 738 2600 eius
754 2537 963 2600 documenta
979 2544 1117 2600 secutus

310 2623 378 2687 Hic
394 2560 483 2688 iiber
497 2631 672 2688 extractus
689 2624 731 2687 de
748 2623 904 2710 pluribus
922 2631 974 2687 est
989 2624 1163 2688 vocitatus

311 2709 420 2774 Recte
435 2709 587 2794 floretus,
604 2709 686 2796 quia
699 2709 764 2774 fios
781 2718 834 2775 est
849 2711 931 2774 inde
946 2719 1107 2797 receptus

312 2796 358 2860 Et
372 2796 527 2862 breviter
540 2803 657 2862 textus
672 2796 796 2882 flagrat
811 2797 942 2862 virtute
957 2799 1111 2884 repletus

312 2882 445 2966 Collegi
461 2883 565 2949 flores
580 2906 651 2948 non
668 2906 787 2950 omnes
804 2885 863 2948 sed
880 2884 1040 2950 meliores

312 2970 404 3048 Quos
421 2971 457 3034 in
473 2971 634 3056 virgultis
651 2970 781 3035 domini
796 2971 868 3036 vidi
882 2971 971 3036 bene
988 2971 1090 3036 cultis

312 3057 377 3134 Qui
394 3079 464 3121 non
480 3065 699 3122 marcescunt
714 3059 884 3123 seruando
902 3059 1085 3143 dandoque
1102 3065 1271 3123 crescunt.

206 3142 248 3206 In
263 3142 348 3207 fine:
374 3145 585 3230 impressum
605 3145 796 3230 Argentine
816 3145 1080 3232 perhonestum
1101 3145 1213 3210 virum
1229 3145 1252 3211 J
1255 3167 1403 3210 oannem

151 3228 435 3314 Knoblouchum,
461 3231 548 3296 ferie
564 3233 716 3296 secunda
731 3239 811 3318 post
826 3233 850 3298 J
852 3231 955 3296 udice
966 3235 1000 3317 ¹),
1025 3233 1127 3298 Anno
1145 3231 1276 3298 domini
1292 3231 1403 3297 Mille-

153 3315 242 3382 simo
259 3316 537 3402 quingentesimo
555 3319 700 3382 decimo.

209 3419 285 3475 (lum
298 3423 372 3490 sign.
385 3423 449 3476 sine
462 3428 537 3477 cust.
551 3428 581 3476 et
591 3423 619 3476 ff.
630 3441 719 3489 num,
729 3424 772 3478 ch.
782 3423 833 3476 lat.
843 3424 880 3478 4⁰.
891 3423 924 3476 63
932 3423 961 3477 ff.
971 3455 997 3464 -
1006 3423 1090 3492 (Brit.
1101 3423 1176 3478 Mus.
1187 3424 1280 3478 Oetal.
1291 3423 1402 3494 „Berg“

155 3507 214 3564 187.
223 3507 338 3562 -Htst
347 3508 416 3562 Litt.
428 3508 464 3564 de
473 3509 503 3562 le
511 3509 623 3564 Frnnce
636 3507 720 3565 XIII.
734 3509 793 3565 224.
803 3539 831 3550 -
845 3509 898 3564 Vis.
911 3527 948 3564 61(
962 3509 1093 3565 biblioth.
1106 3509 1194 3580 palat.
1208 3509 1334 3582 Monac.)
1343 3543 1369 3550 —

204 3593 241 3649 N.
256 3593 285 3648 1:
298 3595 316 3650 i.
330 3611 354 3649 e.
366 3595 470 3651 XVH]
482 3596 567 3650 Mart.

206 3715 332 3785 363.—
346 3717 392 3800 (S.
402 3719 623 3787 Bernerdus.
637 3722 693 3800 —)
712 3719 859 3784 Floretus
874 3742 895 3784 a
912 3719 944 3784 S.
957 3719 1126 3786 Bemmrdo
1145 3719 1288 3784 metrice
1304 3742 1404 3785 accu-

151 3803 305 3868 mulatus
322 3826 400 3868 cum
417 3812 611 3870 commento
632 3805 666 3871 J.
682 3806 849 3890 Jersonis,
866 3812 1018 3870 tractans
1039 3806 1081 3870 de
1100 3806 1288 3872 virtutibus
1303 3814 1339 3871 et
1353 3807 1404 3872 vi-

153 3889 227 3956 ciis.
244 3891 355 3956 Infra:
372 3889 500 3956 Lilium
516 3892 540 3957 J
543 3899 703 3957 unterum
715 3893 936 3978 (Florentiae,
960 3893 1023 3958 Ph.
1047 3894 1089 3958 de
1107 3893 1250 3980 Giunte)
1268 3905 1362 3960 1510.
1376 3933 1403 3942 —

204 3995 244 4048 4⁰.
255 3993 336 4064 goth.
346 3994 506 4065 -(Butsch
519 3995 611 4050 Catal.
624 3995 658 4051 N.
672 3995 713 4051 34.
727 4013 791 4066 pag.
805 3996 857 4058 36).
866 4027 893 4037 -

206 4113 384 4200 364.-(S.
393 4119 614 4187 Bernartius.
624 4117 781 4184 timetis.
790 4120 844 4202 —)
852 4118 959 4184 Liber
970 4119 1110 4184 nomine
1117 4123 1403 4202 [loretusesencto

152 4203 310 4268 bernordo
322 4203 366 4268 de
379 4203 572 4269 clereuallis
581 4204 619 4288 11)
632 4205 773 4269 metrice
786 4206 1023 4271 accumulatus
1037 4230 1114 4271 cum
1126 4215 1321 4274 commento
1333 4229 1404 4273 ma·

151 4288 254 4375 gistri
274 4289 441 4376 johannis
464 4291 623 4357 Jersonis
646 4297 799 4356 tractans
827 4293 869 4358 de
896 4292 1084 4358 virtutibus
1109 4302 1144 4359 et
1169 4293 1269 4358 viciis
1287 4345 1294 4359 .
1311 4343 1318 4358 .
1336 4344 1343 4358 .
1360 4294 1402 4359 de

152 4399 246 4444 novo
264 4377 466 4442 emendatus
489 4385 524 4443 et
540 4385 725 4448 correctus.
748 4379 883 4465 (Simon
906 4379 1048 4445 Vostre:
1073 4380 1185 4466 Paris)
1203 4380 1402 4448 1510101.-

153 4481 237 4550 (Brit
250 4481 326 4536 llus.
340 4479 404 4536 (lat.
418 4481 527 4552 „Berg“
543 4481 611 4549 189).
621 4512 648 4522 -

208 4600 283 4670 365.
294 4639 336 4650 -
346 4601 472 4680 (Jacob
487 4605 532 4672 (16
544 4605 785 4673 Pione-vius.
792 4603 850 4686 -1
874 4603 1008 4668 Traites
1025 4604 1085 4670 des
1101 4605 1237 4691 Degrez
1257 4605 1403 4672 d'humi-

152 4687 231 4754 lite:
246 4689 297 4754 les
312 4687 413 4753 Deux
429 4711 521 4774 yeux
538 4689 580 4754 de
595 4690 712 4774 l'ame3
738 4691 770 4755 le
783 4689 904 4756 Miroir
920 4691 962 4755 de
978 4692 1013 4757 la
1027 4690 1083 4757 vie
1100 4692 1295 4778 religieuse.
1312 4693 1403 4759 Tout
